Date,Time,Time Zone,Category,Item,Qty,Price Point Name,SKU,Modifiers Applied,Gross Sales,Discounts,Net Sales,Tax,Transaction ID,Payment ID,Device Name,Notes,Event Type,Location,Dining Option,Customer ID,Customer Reference ID,Unit,Count
12/23/2018,12:48:53,Eastern Time (US & Canada),None,Custom Amount,1,,,,$21.00 ,$0.00 ,$21.00 ,$0.00 ,l8DdNLfGkLxzPHs0RNjpNf3eV,m2FJSBRQ0mPm0TecGiU14vMF,,,Payment,Authentic by Zee,,ET95G97MHS02PYQGZCJWEYVM8W,,ea,1
12/22/2018,11:46:37,Eastern Time (US & Canada),None,Custom Amount,1,,,,$17.50 ,$0.00 ,$17.50 ,$0.00 ,B8cxTZ8JhdRMMewIrnQnXb1eV,KN2WHnDz4BveHDz6wZPN0sMF,,,Payment,Authentic by Zee,,9FY2KQCGFX3E7A6SR5D0YPWCSM,,ea,1
12/22/2018,11:36:57,Eastern Time (US & Canada),None,Jerk Chicken,1,Regular,,,$6.50 ,$0.00 ,$6.50 ,$0.00 ,5geWsSprRvqapEbFyDdP6hveV,iiRKKBeCaZgepOFmw3OTGxMF,,Juicy Grilled Leg Quarters steamed down in the perfect sweet and Spicy sauce!,Payment,Authentic by Zee,,J4X9N1NKMN3CCZA27TV71PP1GM,,ea,1
12/22/2018,11:36:57,Eastern Time (US & Canada),None,Custom Amount,1,,,,$5.00 ,$0.00 ,$5.00 ,$0.00 ,5geWsSprRvqapEbFyDdP6hveV,iiRKKBeCaZgepOFmw3OTGxMF,,,Payment,Authentic by Zee,,J4X9N1NKMN3CCZA27TV71PP1GM,,ea,1
12/22/2018,11:36:57,Eastern Time (US & Canada),None,Custom Amount,1,,,,$3.00 ,$0.00 ,$3.00 ,$0.00 ,5geWsSprRvqapEbFyDdP6hveV,iiRKKBeCaZgepOFmw3OTGxMF,,,Payment,Authentic by Zee,,J4X9N1NKMN3CCZA27TV71PP1GM,,ea,1
12/22/2018,11:36:57,Eastern Time (US & Canada),None,Custom Amount,1,,,,$5.00 ,$0.00 ,$5.00 ,$0.00 ,5geWsSprRvqapEbFyDdP6hveV,iiRKKBeCaZgepOFmw3OTGxMF,,,Payment,Authentic by Zee,,J4X9N1NKMN3CCZA27TV71PP1GM,,ea,1
12/22/2018,11:35:15,Eastern Time (US & Canada),Beef,Short Ribs,1,Regular,,,$8.50 ,$0.00 ,$8.50 ,$0.00 ,5Q2E9zHsudc7flfbp3GoVHieV,RelkXBUGXYpaiEAU12wiXzMF,,,Payment,Authentic by Zee,,T1ST79FX8507CNE3RBQ21AZPVG,,ea,1
12/15/2018,11:28:25,Eastern Time (US & Canada),None,Custom Amount,1,,,,$24.00 ,$0.00 ,$24.00 ,$0.00 ,JkQIICCnsfOJfLDup9lRRTieV,cH8n4LADREOaoOXTmnVq6yMF,,,Payment,Authentic by Zee,,4N4QARHA2S2PASE9H83XR4GAVR,,ea,1
12/6/2018,18:50:36,Eastern Time (US & Canada),None,Oxtail,3,Regular,,,$42.00 ,$0.00 ,$42.00 ,$0.00 ,P1ngyPHxmFl7hs4x3Blf0SgeV,Cnqfrl3zSO4X6YrWv0NugxMF,,,Payment,Authentic by Zee,,V1WC8K8H0H1FQD37DD4XJZG20C,,ea,3
12/1/2018,11:45:10,Eastern Time (US & Canada),Chicken,Curry chicken,1,Regular,,,$6.50 ,$0.00 ,$6.50 ,$0.00 ,PF953ZJwPK92RDTtnQ9g8a0eV,w8jSb2EjYKG01Asi5hraYsMF,,,Payment,Authentic by Zee,,TB67HBDVVS2NAQ3RBM2FH4QAHW,,ea,1
12/1/2018,11:45:10,Eastern Time (US & Canada),None,Custom Amount,1,,,,$3.00 ,$0.00 ,$3.00 ,$0.00 ,PF953ZJwPK92RDTtnQ9g8a0eV,w8jSb2EjYKG01Asi5hraYsMF,,,Payment,Authentic by Zee,,TB67HBDVVS2NAQ3RBM2FH4QAHW,,ea,1
12/1/2018,11:36:16,Eastern Time (US & Canada),Chicken,BBQ Chicken,1,Regular,,,$6.00 ,$0.00 ,$6.00 ,$0.00 ,TFicZos9M2ufy48jrkxsjLxeV,gH7bGJMoCWaSBvu81E2PxzMF,,,Payment,Authentic by Zee,,T1ST79FX8507CNE3RBQ21AZPVG,,ea,1
12/1/2018,11:32:13,Eastern Time (US & Canada),None,Jerk Chicken,1,White,4,,$6.50 ,$0.00 ,$6.50 ,$0.00 ,RGBR8k7YxJwaJ94ID890cY0eV,fFxdL57xV4NRJzlJGkVjKQB,,,Payment,Authentic by Zee,,,,ea,1
12/1/2018,11:32:13,Eastern Time (US & Canada),Chicken,Jerk Chicken,1,Regular,,,$6.50 ,$0.00 ,$6.50 ,$0.00 ,RGBR8k7YxJwaJ94ID890cY0eV,fFxdL57xV4NRJzlJGkVjKQB,,"Grilled to bronzed, then stewed down in a as hot as you can stand it homemade Jerk Sauce.",Payment,Authentic by Zee,,,,ea,1
11/17/2018,11:50:59,Eastern Time (US & Canada),Chicken,BBQ Chicken,1,Regular,,,$6.00 ,$0.00 ,$6.00 ,$0.00 ,pcM4U1qT1xK5eLd68gYgZ9geV,MRX3UXN8uBB1FZMQOHKRDyMF,,,Payment,Authentic by Zee,,0YHP831WSN50MRF7GHZCGW6WAW,,ea,1
11/17/2018,11:49:01,Eastern Time (US & Canada),None,Chicken Fajitas,1,Regular,,,$7.50 ,$0.00 ,$7.50 ,$0.00 ,rJygIfTxLWudD3zY006b54keV,7tI8cp61a4aHIL3PoZ2WLQB,,"Chicken Breast grilled and cut up served on a flour tortilla, with seared bell peppers and onions with just the right amount of Cheesy goodness !",Payment,Authentic by Zee,,,,ea,1
11/17/2018,11:44:31,Eastern Time (US & Canada),Chicken,Curry chicken,1,Regular,,,$6.50 ,$0.00 ,$6.50 ,$0.00 ,bHnZsbMiTta0iP2FHPAZSsteV,ge7O9bkM2qug80zhG1XGOuMF,,,Payment,Authentic by Zee,,TB67HBDVVS2NAQ3RBM2FH4QAHW,,ea,1
11/17/2018,11:43:22,Eastern Time (US & Canada),None,Chicken Fajitas,1,Regular,,,$7.50 ,$0.00 ,$7.50 ,$0.00 ,liU2AiXf5meiOztdp58b59meV,ZK7ovteUUDwen586dWSiLQB,,"Chicken Breast grilled and cut up served on a flour tortilla, with seared bell peppers and onions with just the right amount of Cheesy goodness !",Payment,Authentic by Zee,,,,ea,1
11/17/2018,11:41:50,Eastern Time (US & Canada),None,Jerk Chicken,1,White,4,,$6.50 ,$0.00 ,$6.50 ,$0.00 ,RMs3PjcHz3CTum9g0W1NA76eV,QZX2aYmdNNLA2PmrjqTZWtMF,,,Payment,Authentic by Zee,,VGMBTYC4X519PSGCD3K56AMYER,,ea,1
11/17/2018,11:34:26,Eastern Time (US & Canada),Chicken,BBQ Chicken,1,Regular,,,$6.00 ,$0.00 ,$6.00 ,$0.00 ,purTU5WSqDlFIi9T9ESKLCgeV,JQqmqsuoiXEeBA02xB3aKQB,,,Payment,Authentic by Zee,,PBYFAYA9E13FF7R9A3ZBAAVNK8,,ea,1
11/17/2018,11:34:26,Eastern Time (US & Canada),None,Chicken Fajitas,2,Regular,,,$15.00 ,$0.00 ,$15.00 ,$0.00 ,purTU5WSqDlFIi9T9ESKLCgeV,JQqmqsuoiXEeBA02xB3aKQB,,"Chicken Breast grilled and cut up served on a flour tortilla, with seared bell peppers and onions with just the right amount of Cheesy goodness !",Payment,Authentic by Zee,,PBYFAYA9E13FF7R9A3ZBAAVNK8,,ea,2
11/10/2018,11:41:15,Eastern Time (US & Canada),Chicken,Curry chicken,1,Regular,,,$6.50 ,$0.00 ,$6.50 ,$0.00 ,ZSVFsHsBPHhDKrPP4YdB7o1eV,tQ7f2FheAjN0AJf2eX7EKQB,,,Payment,Authentic by Zee,,,,ea,1
11/10/2018,11:38:27,Eastern Time (US & Canada),Chicken,Curry chicken,1,Regular,,,$6.50 ,$0.00 ,$6.50 ,$0.00 ,bFEAMXlt0FwWTaD4kJZOR8weV,lKvPwcnQ0pb94JwJas3zczMF,,,Payment,Authentic by Zee,,RJCX7J897D7SEPSVA0W9BNXMBW,,ea,1
11/10/2018,11:31:52,Eastern Time (US & Canada),Beef,Short Ribs,2,Regular,,,$17.00 ,$0.00 ,$17.00 ,$1.19 ,tWevEwD79tSbSZodGwCRUl7eV,lmO8tGx8eMavJ1IKlB9lLQB,,,Payment,Authentic by Zee,,,,ea,2
11/10/2018,11:30:23,Eastern Time (US & Canada),None,Chicken Fajitas,1,Regular,,,$7.50 ,$0.00 ,$7.50 ,$0.52 ,71EMe7nYb2V6loDMRKYrGY5eV,XpFV5mb20LC6NCMSeSldKQB,,"Chicken Breast grilled and cut up served on a flour tortilla, with seared bell peppers and onions with just the right amount of Cheesy goodness !",Payment,Authentic by Zee,,,,ea,1
11/10/2018,11:30:23,Eastern Time (US & Canada),None,Custom Amount,1,,,,$3.00 ,$0.00 ,$3.00 ,$0.00 ,71EMe7nYb2V6loDMRKYrGY5eV,XpFV5mb20LC6NCMSeSldKQB,,,Payment,Authentic by Zee,,,,ea,1
11/3/2018,11:45:33,Eastern Time (US & Canada),Chicken,BBQ Chicken,1,Regular,,,$6.00 ,$0.00 ,$6.00 ,$0.42 ,j3Rva5hsnUdRoICasrirvbreV,JGRu7Ms56i9jR9fXy2M4KQB,,,Payment,Authentic by Zee,,,,ea,1
11/3/2018,11:42:42,Eastern Time (US & Canada),None,Curry Tofu,1,Regular,,,$7.50 ,$0.00 ,$7.50 ,$0.00 ,LbtNkTNcIv8xyenBsxOTtAieV,deD5LeaAlZTLhLLVQbWbNxMF,,"Lightly seared Extra Firm Tofu, sauced up in Zee's extravagant Curry with mixed veggies",Payment,Authentic by Zee,,3D9S2PT3H92CMVRVVG3CRRC1VR,,ea,1
11/3/2018,11:42:42,Eastern Time (US & Canada),Beef,Short Ribs,2,Regular,,,$17.00 ,$0.00 ,$17.00 ,$0.00 ,LbtNkTNcIv8xyenBsxOTtAieV,deD5LeaAlZTLhLLVQbWbNxMF,,,Payment,Authentic by Zee,,3D9S2PT3H92CMVRVVG3CRRC1VR,,ea,2
11/3/2018,11:42:42,Eastern Time (US & Canada),None,Custom Amount,1,,,,$6.00 ,$0.00 ,$6.00 ,$0.00 ,LbtNkTNcIv8xyenBsxOTtAieV,deD5LeaAlZTLhLLVQbWbNxMF,,,Payment,Authentic by Zee,,3D9S2PT3H92CMVRVVG3CRRC1VR,,ea,1
11/3/2018,11:42:35,Eastern Time (US & Canada),Chicken,Jerk Chicken,1,Regular,,,$6.50 ,$0.00 ,$6.50 ,$0.46 ,r9UQg41iGk3zFQ60RHI2l70eV,OmPmIu5WB3NWKtyxNwQbyxMF,,"Grilled to bronzed, then stewed down in a as hot as you can stand it homemade Jerk Sauce.",Payment,Authentic by Zee,,9FY2KQCGFX3E7A6SR5D0YPWCSM,,ea,1
11/3/2018,11:36:17,Eastern Time (US & Canada),None,Custom Amount,1,,,,$8.00 ,$0.00 ,$8.00 ,$0.00 ,pAIh2dqxqZ3Eqz5v5XvzwNgeV,RCv3tRPYuWrAX2MXePKrXuMF,,,Payment,Authentic by Zee,,359D7MA13X2VGSZGCNZXVY3Q2R,,ea,1
10/31/2018,13:54:13,Eastern Time (US & Canada),None,Custom Amount,1,,,,$484.74 ,$0.00 ,$484.74 ,$0.00 ,VcjTzaXffFDAhUlU0J1osq6eV,JW5OfkjQZZ8S7WAUIKv5KQB,,,Payment,Authentic by Zee,,,,ea,1
10/31/2018,13:52:38,Eastern Time (US & Canada),Chicken,BBQ Chicken,1,Whole Pan (Dark),,,$95.00 ,($17.10),$77.90 ,$5.45 ,1Y9NpBgoX3mWj9yZOTd1h92eV,NEbm8mfkSDj1fpjJMES9JQB,,,Payment,Authentic by Zee,,,,ea,1
10/31/2018,13:52:38,Eastern Time (US & Canada),Chicken,BBQ Chicken,1,Whole Pan (White),,,$115.00 ,($20.70),$94.30 ,$0.00 ,1Y9NpBgoX3mWj9yZOTd1h92eV,NEbm8mfkSDj1fpjJMES9JQB,,,Payment,Authentic by Zee,,,,ea,1
10/31/2018,13:52:38,Eastern Time (US & Canada),Drinks,Home Squeezed Lemonade,2,Whole Gallon,,,$18.00 ,($3.24),$14.76 ,$1.03 ,1Y9NpBgoX3mWj9yZOTd1h92eV,NEbm8mfkSDj1fpjJMES9JQB,,"This item will come with 4 Gallons, its priced this way to be more cost efficient.",Payment,Authentic by Zee,,,,ea,2
10/31/2018,13:52:38,Eastern Time (US & Canada),Sides,Baked Mac,1,Whole Pan,31,,$55.00 ,($9.90),$45.10 ,$3.16 ,1Y9NpBgoX3mWj9yZOTd1h92eV,NEbm8mfkSDj1fpjJMES9JQB,,,Payment,Authentic by Zee,,,,ea,1
10/31/2018,13:52:38,Eastern Time (US & Canada),Sides,CORNBREAD CASSEROLE ,2,Whole Pan,,,$70.00 ,($12.60),$57.40 ,$4.02 ,1Y9NpBgoX3mWj9yZOTd1h92eV,NEbm8mfkSDj1fpjJMES9JQB,,,Payment,Authentic by Zee,,,,ea,2
10/31/2018,13:52:38,Eastern Time (US & Canada),Dessert,Oreo Cheesecake Brownie,1,Large Pan (feeds 30-38),,,$62.00 ,($11.16),$50.84 ,$3.56 ,1Y9NpBgoX3mWj9yZOTd1h92eV,NEbm8mfkSDj1fpjJMES9JQB,,"This item will be individually packaged, its priced this way to be cost efficient. You will have 33. ",Payment,Authentic by Zee,,,,ea,1
10/31/2018,13:52:38,Eastern Time (US & Canada),Dessert,'Nana Pudding,2,Whole Pan,,,$50.00 ,($9.00),$41.00 ,$2.87 ,1Y9NpBgoX3mWj9yZOTd1h92eV,NEbm8mfkSDj1fpjJMES9JQB,,"This will be delivered in individual cups for your convenience, it's just priced this way to be more cost efficient.  You will have 32.",Payment,Authentic by Zee,,,,ea,2
10/31/2018,13:52:38,Eastern Time (US & Canada),None,Water,1,,,,$0.00 ,$0.00 ,$0.00 ,$0.00 ,1Y9NpBgoX3mWj9yZOTd1h92eV,NEbm8mfkSDj1fpjJMES9JQB,,,Payment,Authentic by Zee,,,,ea,1
10/31/2018,13:52:38,Eastern Time (US & Canada),None,Set up Fee,1,Regular,,,$50.00 ,($9.00),$41.00 ,$2.87 ,1Y9NpBgoX3mWj9yZOTd1h92eV,NEbm8mfkSDj1fpjJMES9JQB,,"Set- Up fee provides that ABZ will provide:
 Plates
 Cups
Utensils
Napkins
Table Clothes (Tables NOT included)
Decorative Design",Payment,Authentic by Zee,,,,ea,1
10/31/2018,13:52:38,Eastern Time (US & Canada),Sides,Cabbage,1,Whole Pan,71,,$45.00 ,($8.10),$36.90 ,$2.58 ,1Y9NpBgoX3mWj9yZOTd1h92eV,NEbm8mfkSDj1fpjJMES9JQB,,,Payment,Authentic by Zee,,,,ea,1
10/27/2018,15:16:47,Eastern Time (US & Canada),Chicken,Curry chicken,1,Regular,,,$6.50 ,$0.00 ,$6.50 ,$0.45 ,vzcNhlu3nmOg4YRFCjviFq6eV,ile2ABC6NmzpzZvRgprDRsMF,,Mac and Rice,Payment,Authentic by Zee,,HS80KZNZPD4NZBC3BVTX8BVX3G,,ea,1
10/27/2018,15:16:47,Eastern Time (US & Canada),Chicken,Jerk Chicken,4,Regular,,,$26.00 ,$0.00 ,$26.00 ,$1.82 ,vzcNhlu3nmOg4YRFCjviFq6eV,ile2ABC6NmzpzZvRgprDRsMF,,Cornbread and Rice,Payment,Authentic by Zee,,HS80KZNZPD4NZBC3BVTX8BVX3G,,ea,4
10/27/2018,15:16:47,Eastern Time (US & Canada),Chicken,Jerk Chicken,2,Regular,,,$13.00 ,$0.00 ,$13.00 ,$0.91 ,vzcNhlu3nmOg4YRFCjviFq6eV,ile2ABC6NmzpzZvRgprDRsMF,,Mac and Rice,Payment,Authentic by Zee,,HS80KZNZPD4NZBC3BVTX8BVX3G,,ea,2
10/27/2018,15:16:47,Eastern Time (US & Canada),None,Chicken Fajitas,3,Regular,,,$22.50 ,$0.00 ,$22.50 ,$1.58 ,vzcNhlu3nmOg4YRFCjviFq6eV,ile2ABC6NmzpzZvRgprDRsMF,,Mac and Rice,Payment,Authentic by Zee,,HS80KZNZPD4NZBC3BVTX8BVX3G,,ea,3
10/27/2018,15:16:47,Eastern Time (US & Canada),None,Chicken Fajitas,1,Regular,,,$7.50 ,$0.00 ,$7.50 ,$0.52 ,vzcNhlu3nmOg4YRFCjviFq6eV,ile2ABC6NmzpzZvRgprDRsMF,,DBL Rice,Payment,Authentic by Zee,,HS80KZNZPD4NZBC3BVTX8BVX3G,,ea,1
10/20/2018,12:13:35,Eastern Time (US & Canada),None,Custom Amount,1,,,,$7.50 ,$0.00 ,$7.50 ,$0.00 ,pcWlec0zdbl7sq2NZcK8GpxeV,t5YwDuLKzsgIR0JWmEL0bvMF,,,Payment,Authentic by Zee,,7RQJDGCMXH10JXMSMRVXWMK7M4,,ea,1
10/20/2018,12:12:15,Eastern Time (US & Canada),None,Custom Amount,1,,,,$8.00 ,$0.00 ,$8.00 ,$0.00 ,XrsIfLukvo0SRBNg1lyYmv9eV,Gm1409dw22ZkKhJZ2DW8buMF,,,Payment,Authentic by Zee,,VGMBTYC4X519PSGCD3K56AMYER,,ea,1
10/20/2018,12:02:20,Eastern Time (US & Canada),Chicken,Curry chicken,1,Regular,,,$6.50 ,$0.00 ,$6.50 ,$0.46 ,ps8Qwy8qYhCNbPFRU2M7JDmeV,s8yIQShGtdvXP1jJCOJXusMF,,,Payment,Authentic by Zee,,359D7MA13X2VGSZGCNZXVY3Q2R,,ea,1
10/20/2018,11:50:24,Eastern Time (US & Canada),None,Custom Amount,1,,,,$10.50 ,$0.00 ,$10.50 ,$0.00 ,JMuP9csNfrz6KRI2htEkQ8eeV,yZCBAD6Ed0nxKdmQ0lFFYtMF,,,Payment,Authentic by Zee,,DSRW7N7SK917MV3JFXZ9HXMRBM,,ea,1
10/20/2018,11:48:27,Eastern Time (US & Canada),None,Custom Amount,1,,,,$24.00 ,$0.00 ,$24.00 ,$0.00 ,hS1c9m6w9Bajug7vNfUDaTxeV,ceIjR1OeUjCqCOf1mfte0xMF,,,Payment,Authentic by Zee,,4N4QARHA2S2PASE9H83XR4GAVR,,ea,1
10/20/2018,11:46:07,Eastern Time (US & Canada),None,Custom Amount,1,,,,$9.00 ,$0.00 ,$9.00 ,$0.00 ,9cPYi7D097mZ2aJQJ3t1ElzeV,QWuwzYdQIHO3ugkdSTNG6xMF,,,Payment,Authentic by Zee,,9FY2KQCGFX3E7A6SR5D0YPWCSM,,ea,1
10/17/2018,11:59:06,Eastern Time (US & Canada),None,Jerk Chicken,1,Regular,,,$6.50 ,$0.00 ,$6.50 ,$0.46 ,xyrbwlKCsDayGWoyUDOx1fqeV,VlsF7MVKDjTX5myId2Gu1yMF,,Juicy Grilled Leg Quarters steamed down in the perfect sweet and Spicy sauce!,Payment,Authentic by Zee,,JX8PYF0KS12V4HEK9B6ANPAFG4,,ea,1
10/16/2018,15:03:07,Eastern Time (US & Canada),Chicken,Jerk Chicken,3,Regular,,,$19.50 ,($0.97),$18.53 ,$0.00 ,pgchHsD6fY0KmjWvaeDhPp2eV,tImc7TQmcHP1XLKndGVruvMF,,Rice and Cabbage,Payment,Authentic by Zee,,EJ2AYPF2490JZ4ESZMWSXTQ5YW,,ea,3
10/16/2018,15:03:07,Eastern Time (US & Canada),Beef,Short Ribs,2,Regular,,,$17.00 ,($0.85),$16.15 ,$0.00 ,pgchHsD6fY0KmjWvaeDhPp2eV,tImc7TQmcHP1XLKndGVruvMF,,,Payment,Authentic by Zee,,EJ2AYPF2490JZ4ESZMWSXTQ5YW,,ea,2
10/16/2018,15:03:07,Eastern Time (US & Canada),Chicken,BBQ Chicken,2,Regular,,,$12.00 ,($0.60),$11.40 ,$0.00 ,pgchHsD6fY0KmjWvaeDhPp2eV,tImc7TQmcHP1XLKndGVruvMF,,Cabbage an White Rice,Payment,Authentic by Zee,,EJ2AYPF2490JZ4ESZMWSXTQ5YW,,ea,2
10/16/2018,15:03:07,Eastern Time (US & Canada),Drinks,Authentic Mango Punch,1,Half Gallon,,,$15.00 ,($0.75),$14.25 ,$0.00 ,pgchHsD6fY0KmjWvaeDhPp2eV,tImc7TQmcHP1XLKndGVruvMF,,,Payment,Authentic by Zee,,EJ2AYPF2490JZ4ESZMWSXTQ5YW,,ea,1
10/16/2018,15:03:07,Eastern Time (US & Canada),Chicken,Curry chicken,2,Regular,,,$13.00 ,($0.65),$12.35 ,$0.00 ,pgchHsD6fY0KmjWvaeDhPp2eV,tImc7TQmcHP1XLKndGVruvMF,,,Payment,Authentic by Zee,,EJ2AYPF2490JZ4ESZMWSXTQ5YW,,ea,2
10/13/2018,11:40:02,Eastern Time (US & Canada),Beef,Short Ribs,1,Regular,,,$8.50 ,$0.00 ,$8.50 ,$0.00 ,RajRcNCMRxOxS9wRva2iElveV,RuTAsmyA7PLmw0LKOAluJQB,,,Payment,Authentic by Zee,,,,ea,1
10/13/2018,11:39:30,Eastern Time (US & Canada),None,Custom Amount,1,,,,$6.50 ,$0.00 ,$6.50 ,$0.00 ,DXBvoRQhs0EdCI2zdX42Dq5eV,BEsS8XzJmNZ3ULQO8HRlPuMF,,,Payment,Authentic by Zee,,VGMBTYC4X519PSGCD3K56AMYER,,ea,1
10/13/2018,11:37:48,Eastern Time (US & Canada),None,Custom Amount,1,,,,$7.50 ,$0.00 ,$7.50 ,$0.00 ,3nAj3qdK4DKTHMjk4vpE59seV,iUjvYjKzYmHsiGgJbMt6WuMF,,,Payment,Authentic by Zee,,HWC8SFR7NX684X3QCVTH3J0X44,,ea,1
10/13/2018,11:36:30,Eastern Time (US & Canada),None,Custom Amount,1,,,,$8.00 ,$0.00 ,$8.00 ,$0.00 ,jnlpMjBjaicbeG5zPuVtHj5eV,Hou3FofBAb9oQDmo7j49isMF,,,Payment,Authentic by Zee,,3D9S2PT3H92CMVRVVG3CRRC1VR,,ea,1
10/13/2018,11:35:31,Eastern Time (US & Canada),Chicken,BBQ Chicken,2,Regular,,,$12.00 ,$0.00 ,$12.00 ,$0.00 ,lk1yeKbPzIij0NiV3YpWfveeV,jHl9QajykytdPme0tiVZLQB,,,Payment,Authentic by Zee,,,,ea,2
10/13/2018,11:34:43,Eastern Time (US & Canada),Dessert,'Nana Pudding,1,Regular,,,$3.00 ,$0.00 ,$3.00 ,$0.00 ,DD3HageZK3y5wmNWuQKtbl5eV,47qC7Ch1wO4Fkxloo8SkGuMF,,,Payment,Authentic by Zee,,4N4QARHA2S2PASE9H83XR4GAVR,,ea,1
10/13/2018,11:34:43,Eastern Time (US & Canada),Beef,Short Ribs,2,Regular,,,$17.00 ,$0.00 ,$17.00 ,$0.00 ,DD3HageZK3y5wmNWuQKtbl5eV,47qC7Ch1wO4Fkxloo8SkGuMF,,,Payment,Authentic by Zee,,4N4QARHA2S2PASE9H83XR4GAVR,,ea,2
10/13/2018,11:32:51,Eastern Time (US & Canada),None,Chicken Fajitas,3,Regular,,,$22.50 ,$0.00 ,$22.50 ,$0.00 ,lQHgOCnnFAn55t6UGnDcx8oeV,R0E119dCUWuu8weVEMFOLQB,,"Chicken Breast grilled and cut up served on a flour tortilla, with seared bell peppers and onions with just the right amount of Cheesy goodness !",Payment,Authentic by Zee,,,,ea,3
10/6/2018,13:33:02,Eastern Time (US & Canada),None,Custom Amount,1,,,,$23.00 ,$0.00 ,$23.00 ,$0.00 ,3f4FNmkPRBgTdVxjdCPDpAleV,u6tdEGN9yT28bb22j18T4uMF,,,Payment,Authentic by Zee,,4N4QARHA2S2PASE9H83XR4GAVR,,ea,1
10/6/2018,11:31:01,Eastern Time (US & Canada),None,Jerk Chicken,1,Regular,,,$6.50 ,$0.00 ,$6.50 ,$0.00 ,ZWPDPSB7Z5TQbhkhdz1mnqveV,BwyBy4dNwjBIuKMDzcH28tMF,,Juicy Grilled Leg Quarters steamed down in the perfect sweet and Spicy sauce!,Payment,Authentic by Zee,,HWC8SFR7NX684X3QCVTH3J0X44,,ea,1
10/6/2018,11:31:01,Eastern Time (US & Canada),Chicken,BBQ Chicken,1,Regular,,,$6.00 ,$0.00 ,$6.00 ,$0.00 ,ZWPDPSB7Z5TQbhkhdz1mnqveV,BwyBy4dNwjBIuKMDzcH28tMF,,,Payment,Authentic by Zee,,HWC8SFR7NX684X3QCVTH3J0X44,,ea,1
10/6/2018,11:31:01,Eastern Time (US & Canada),Sides,CORNBREAD CASSEROLE ,1,Regular,,,$2.00 ,$0.00 ,$2.00 ,$0.00 ,ZWPDPSB7Z5TQbhkhdz1mnqveV,BwyBy4dNwjBIuKMDzcH28tMF,,,Payment,Authentic by Zee,,HWC8SFR7NX684X3QCVTH3J0X44,,ea,1
9/29/2018,12:14:41,Eastern Time (US & Canada),None,Jerk Chicken,1,White,4,,$6.50 ,$0.00 ,$6.50 ,$0.45 ,PV9nKcOPAtQ9ZwquXFl1cSpeV,2F9Bhfbi8IZ9Jru8C9FL4wMF,,,Payment,Authentic by Zee,,HWC8SFR7NX684X3QCVTH3J0X44,,ea,1
9/29/2018,12:14:41,Eastern Time (US & Canada),Beef,Short Ribs,1,Regular,,,$8.50 ,$0.00 ,$8.50 ,$0.60 ,PV9nKcOPAtQ9ZwquXFl1cSpeV,2F9Bhfbi8IZ9Jru8C9FL4wMF,,,Payment,Authentic by Zee,,HWC8SFR7NX684X3QCVTH3J0X44,,ea,1
9/22/2018,11:33:09,Eastern Time (US & Canada),None,Jerk Chicken,2,White,4,,$13.00 ,$0.00 ,$13.00 ,$0.00 ,lycychfzP4mxpb0abl8TPJteV,ngW9n3R2wwcBXehIJppzUtMF,,,Payment,Authentic by Zee,,4N4QARHA2S2PASE9H83XR4GAVR,,ea,2
9/14/2018,12:16:37,Eastern Time (US & Canada),Chicken,BBQ Chicken,1,Regular,,,$6.00 ,$0.00 ,$6.00 ,$0.00 ,fruyvLfIBEQAOqU35KEJXC1eV,NUTYi27PMgOCV5kcZMGKitMF,,,Payment,Authentic by Zee,,3D9S2PT3H92CMVRVVG3CRRC1VR,,ea,1
9/14/2018,12:16:37,Eastern Time (US & Canada),None,Jerk Chicken,1,White,4,,$6.50 ,$0.00 ,$6.50 ,$0.00 ,fruyvLfIBEQAOqU35KEJXC1eV,NUTYi27PMgOCV5kcZMGKitMF,,,Payment,Authentic by Zee,,3D9S2PT3H92CMVRVVG3CRRC1VR,,ea,1
9/9/2018,19:50:28,Eastern Time (US & Canada),None,Custom Amount,1,,,,$10.00 ,$0.00 ,$10.00 ,$0.00 ,3BjggQIUFvCOKAcEp4QP7SAfV,kMhaUL6IikQfXc91rTUvqvMF,,,Payment,Authentic by Zee,,68WGKK1J0N6VAYDH7AZVJDVBE8,,ea,1
9/9/2018,19:49:32,Eastern Time (US & Canada),None,Custom Amount,1,,,,$10.00 ,$0.00 ,$10.00 ,$0.00 ,pkY0A5YhgJ8rweYDYD1ZsW7eV,dlGKBSPaTAAUWu6jPVkkVyMF,,,Payment,Authentic by Zee,,F2MM8ZJ6JH3MWH01BH0C48VVXW,,ea,1
9/9/2018,19:25:58,Eastern Time (US & Canada),None,Custom Amount,1,,,,$40.00 ,$0.00 ,$40.00 ,$0.00 ,35XkgGKOhsdoGBtuyHoKf61eV,jbRBUVD2JhO503TacVEKQyMF,,,Payment,Authentic by Zee,,61M2H5ASQH372S0SPB8BHPBFAM,,ea,1
9/9/2018,19:16:07,Eastern Time (US & Canada),None,Custom Amount,1,,,,$25.00 ,$0.00 ,$25.00 ,$0.00 ,Dn9vz7doW3KFjpelWOEc7DpeV,s4UmnebMwxc2F9032OSnIzMF,,,Payment,Authentic by Zee,,,,ea,1
9/9/2018,19:12:09,Eastern Time (US & Canada),None,Custom Amount,1,,,,$50.00 ,$0.00 ,$50.00 ,$0.00 ,JmZ4wxrlG1wvhiO5l4LuQ3peV,DZu4f9JX2dahaK73NoVFytMF,,,Payment,Authentic by Zee,,XQH608EHCX0WWN3D4S9D49X49C,,ea,1
9/9/2018,18:53:13,Eastern Time (US & Canada),None,Custom Amount,1,,,,$40.00 ,$0.00 ,$40.00 ,$0.00 ,nRJzN7FDsuP1731xThfpEbxeV,MAreAgHFKgdqpGyQ7c584zMF,,,Payment,Authentic by Zee,,MEFSMDJHSX07WHHYAWF3PX41HR,,ea,1
9/9/2018,18:51:32,Eastern Time (US & Canada),None,Custom Amount,1,,,,$25.00 ,$0.00 ,$25.00 ,$0.00 ,LLTQcCCL4CDcQxPgSAR6HPyeV,wBfxTq51tcyx2wwKK3VHEyMF,,,Payment,Authentic by Zee,,6BQRND2DGD12MJE3NZ7M46M10R,,ea,1
9/9/2018,18:33:46,Eastern Time (US & Canada),None,Custom Amount,1,,,,$15.00 ,$0.00 ,$15.00 ,$0.00 ,3nEpbHD4DsCDyl8cRrBW2o3eV,jyaL3qKdplJue5B2z9dwuxMF,,,Payment,Authentic by Zee,,QP3D5GZNVD2KYRV2C4NNRMBQ8G,,ea,1
9/9/2018,18:01:32,Eastern Time (US & Canada),None,Custom Amount,1,,,,$60.00 ,$0.00 ,$60.00 ,$0.00 ,p40pMo0w5nNO5xmiHG2eFwfeV,DZx8MfDtXjJnLPHChzgX2zMF,,,Payment,Authentic by Zee,,E78741F0C9196JYDWRMCWN61EM,,ea,1
9/9/2018,17:59:42,Eastern Time (US & Canada),None,Custom Amount,1,,,,$25.00 ,$0.00 ,$25.00 ,$0.00 ,5kmdi4jHqWhx2Z7rpQig9XteV,dr9VsaY2LPTGIwjdLKttCyMF,,,Payment,Authentic by Zee,,W7N4QY9SF55EYVAZ7RDM2DMN7W,,ea,1
9/9/2018,17:38:52,Eastern Time (US & Canada),None,Custom Amount,1,,,,$20.00 ,$0.00 ,$20.00 ,$0.00 ,zL712g0HbR7U8jBgdv49PX0eV,53XRtXLqdyhksG7rlPJDCtMF,,,Payment,Authentic by Zee,,BRRH1C10TH6BWYYZJHZE87ZHP4,,ea,1
9/9/2018,17:28:31,Eastern Time (US & Canada),None,Custom Amount,1,,,,$10.00 ,$0.00 ,$10.00 ,$0.00 ,96gvJd93xc9oHgS2nzYYOd9eV,yNHXmWx3Pu17uKMIwdtoqtMF,,,Payment,Authentic by Zee,,NF3BKQGAKD586ZXFRBXXTCS3HM,,ea,1
9/9/2018,17:26:26,Eastern Time (US & Canada),None,Custom Amount,1,,,,$25.00 ,$0.00 ,$25.00 ,$0.00 ,BybBy3J6UDrh8EZEG76raMneV,WkTZ293zGRmB5RIw0hfvjzMF,,,Payment,Authentic by Zee,,6VZGQTQPPS0PJWS94CGHY71WQW,,ea,1
9/9/2018,17:21:56,Eastern Time (US & Canada),None,Custom Amount,1,,,,$40.00 ,$0.00 ,$40.00 ,$0.00 ,VmUlTX7Nc1lu1SXz6bPYBA1eV,15k5Bj8U2TWb00a1JgAS1yMF,,,Payment,Authentic by Zee,,JG81K05JAN1NSEVJE9PZSJMGS8,,ea,1
9/9/2018,17:01:26,Eastern Time (US & Canada),None,Custom Amount,1,,,,$35.00 ,$0.00 ,$35.00 ,$0.00 ,psIsRfxMxDpFSkMzUtrnfq0eV,IFR7wJLAavpwUz2TsSemVzMF,,,Payment,Authentic by Zee,,FWVY9A9CHX25AMQYE1EMGWC1D8,,ea,1
9/9/2018,16:35:26,Eastern Time (US & Canada),None,Custom Amount,1,,,,$25.00 ,$0.00 ,$25.00 ,$0.00 ,NCAvZV6DIoywehe3JyINXdpeV,nE78oyOL5U9z9m1wRqjFqwMF,,,Payment,Authentic by Zee,,2NE5X8X4ZX01RX693W4ND013ER,,ea,1
9/9/2018,16:33:54,Eastern Time (US & Canada),None,Custom Amount,1,,,,$25.00 ,$0.00 ,$25.00 ,$0.00 ,H1FYdQYoZBrpyK0dnCGvQejeV,SqfD9zDDN1woQQnIyNyMhvMF,,,Payment,Authentic by Zee,,4QREPAGP6X4GRY5MB4YQ8XGB00,,ea,1
9/9/2018,16:16:47,Eastern Time (US & Canada),None,Custom Amount,1,,,,$35.00 ,$0.00 ,$35.00 ,$0.00 ,Xn62qdr5G6K39V1anoBlPWpeV,P3ZtED1i6eGSOhRABpzLdtMF,,,Payment,Authentic by Zee,,P1GFJGXH154M4M5DE1BSM4N8EG,,ea,1
9/9/2018,16:15:39,Eastern Time (US & Canada),None,Custom Amount,1,,,,$25.00 ,$0.00 ,$25.00 ,$0.00 ,T7LLNC9OhX7DvPpgi3ZGIh8eV,qhmR1c4AlwagKMLFCZnYWuMF,,,Payment,Authentic by Zee,,V9ARNVH53H4DCP4900DE18PCCC,,ea,1
9/9/2018,15:19:47,Eastern Time (US & Canada),None,Custom Amount,1,,,,$30.00 ,$0.00 ,$30.00 ,$0.00 ,fJNyHnkhg1zYhLJIP81GYv8eV,8yrZOv1eb2cFKwnDsiW3fvMF,,,Payment,Authentic by Zee,,7SJ7P6XPR91H8WYBBENDMA0VRW,,ea,1
9/9/2018,15:16:08,Eastern Time (US & Canada),None,Custom Amount,1,,,,$75.00 ,$0.00 ,$75.00 ,$0.00 ,ZEIQfnVsDGZUFoGcENPxWi0eV,aE8Ox4Rt9xvKMGC2pz5yixMF,,,Payment,Authentic by Zee,,7SJ7P6XPR91H8WYBBENDMA0VRW,,ea,1
9/9/2018,15:13:54,Eastern Time (US & Canada),None,Custom Amount,1,,,,$50.00 ,$0.00 ,$50.00 ,$0.00 ,Hlp21OWcKOVdBMvVSxZFxjmeV,2uWCsXcvHBns1JtsrVPQJxMF,,,Payment,Authentic by Zee,,QE8PAM1Y514DV31ZXSCDSRV9GW,,ea,1
9/9/2018,14:47:24,Eastern Time (US & Canada),None,Custom Amount,1,,,,$50.00 ,$0.00 ,$50.00 ,$0.00 ,bZwPjDdxal3a7qy9Zc6dxwfeV,pixiancxoMDbXN3pL1e99zMF,,,Payment,Authentic by Zee,,6TECPFZR853KAZ72AE207VTQGM,,ea,1
9/9/2018,13:41:58,Eastern Time (US & Canada),None,Custom Amount,1,,,,$25.00 ,$0.00 ,$25.00 ,$0.00 ,FSMs3tQo9TmEOLhqRjowr6yeV,bosG9KpKiNQPyyt9XmFgPuMF,,,Payment,Authentic by Zee,,BTAFT7SXHX7MEJHT9HC6S96M4W,,ea,1
9/9/2018,13:36:53,Eastern Time (US & Canada),None,Custom Amount,1,,,,$50.00 ,$0.00 ,$50.00 ,$0.00 ,TBsIACkhtJPc1GlRIVMN19leV,SjmezxuBO76LkJbJBXY2DzMF,,,Payment,Authentic by Zee,,RQRWA12QS57R0MK8WEM2RQ6W9W,,ea,1
9/8/2018,12:15:19,Eastern Time (US & Canada),None,Jerk Chicken,1,Regular,,,$6.50 ,$0.00 ,$6.50 ,$0.00 ,xidUw0HzAQq4FssgLzl3qNAfV,z1hvH2IpvltwgX0mwtgjztMF,,Juicy Grilled Leg Quarters steamed down in the perfect sweet and Spicy sauce!,Payment,Authentic by Zee,,HWC8SFR7NX684X3QCVTH3J0X44,,ea,1
9/8/2018,12:14:20,Eastern Time (US & Canada),None,Chicken Fajitas,1,Regular,,,$7.50 ,$0.00 ,$7.50 ,$0.00 ,tiAXlOlLz8M5UP4i7KKHeMkeV,QU1otESyfCm7rOOerxLBuxMF,,"Chicken Breast grilled and cut up served on a flour tortilla, with seared bell peppers and onions with just the right amount of Cheesy goodness !",Payment,Authentic by Zee,,3D9S2PT3H92CMVRVVG3CRRC1VR,,ea,1
9/1/2018,11:36:07,Eastern Time (US & Canada),Chicken,Jerk Chicken,1,Regular,,,$6.50 ,$0.00 ,$6.50 ,$0.00 ,xalQRFyrngKUNplERwuKVa4eV,vbkJQ6nvCYylQeRHZc77KQB,,"Grilled to bronzed, then stewed down in a as hot as you can stand it homemade Jerk Sauce.",Payment,Authentic by Zee,,,,ea,1
9/1/2018,11:35:43,Eastern Time (US & Canada),Chicken,Jerk Chicken,1,Regular,,,$6.50 ,$0.00 ,$6.50 ,$0.00 ,FCKZOwBWVPV7GsB4EVtWcL5eV,NgJgHFde2SoERZz1qvP9KQB,,"Grilled to bronzed, then stewed down in a as hot as you can stand it homemade Jerk Sauce.",Payment,Authentic by Zee,,,,ea,1
9/1/2018,11:30:53,Eastern Time (US & Canada),None,Jerk Chicken,1,White,4,,$6.50 ,$0.00 ,$6.50 ,$0.00 ,FKaHgHjjaAWkRfnkbTcHjRkeV,Dn9FA8pCMRxHiS18MkSfLQB,,,Payment,Authentic by Zee,,,,ea,1
9/1/2018,11:28:46,Eastern Time (US & Canada),Chicken,BBQ Chicken,1,Regular,,,$6.00 ,$0.00 ,$6.00 ,$0.00 ,bloquSsuVc9BjN5ErbZXk5seV,18bhI5UFaoFKZz26XYWwKQB,,,Payment,Authentic by Zee,,,,ea,1
9/1/2018,11:24:02,Eastern Time (US & Canada),None,Chicken Fajitas,1,Regular,,,$7.50 ,$0.00 ,$7.50 ,$0.00 ,pgmS9I3XDgvmwO7VnIC5wpmeV,zBIGIDopooml71eqzIHJLQB,,"Seared Chicken Breast, laid on a wrap with sauteed onions, green & red bell peppers, and cheese, then grilled to perfection on the foreman.",Payment,Authentic by Zee,,,,ea,1
9/1/2018,11:24:02,Eastern Time (US & Canada),None,Chicken Fajitas,1,Regular,,,$7.50 ,$0.00 ,$7.50 ,$0.00 ,pgmS9I3XDgvmwO7VnIC5wpmeV,zBIGIDopooml71eqzIHJLQB,,"Chicken Breast grilled and cut up served on a flour tortilla, with seared bell peppers and onions with just the right amount of Cheesy goodness !",Payment,Authentic by Zee,,,,ea,1
8/25/2018,13:15:41,Eastern Time (US & Canada),None,Jerk Chicken,3,White,4,,$19.50 ,$0.00 ,$19.50 ,$0.00 ,pG14lEEhqQvYhhgXUzDWfGAfV,353kMA0R4IB26VAjaDjdKQB,,,Payment,Authentic by Zee,,,,ea,3
8/25/2018,13:15:41,Eastern Time (US & Canada),Beef,Short Ribs,1,Regular,,,$8.50 ,$0.00 ,$8.50 ,$0.00 ,pG14lEEhqQvYhhgXUzDWfGAfV,353kMA0R4IB26VAjaDjdKQB,,,Payment,Authentic by Zee,,,,ea,1
8/25/2018,13:15:41,Eastern Time (US & Canada),None,Chicken Fajitas,4,Regular,,,$30.00 ,$0.00 ,$30.00 ,$0.00 ,pG14lEEhqQvYhhgXUzDWfGAfV,353kMA0R4IB26VAjaDjdKQB,,"Seared Chicken Breast, laid on a wrap with sauteed onions, green & red bell peppers, and cheese, then grilled to perfection on the foreman.",Payment,Authentic by Zee,,,,ea,4
8/25/2018,13:15:41,Eastern Time (US & Canada),Chicken,Curry chicken,1,Regular,,,$6.50 ,$0.00 ,$6.50 ,$0.00 ,pG14lEEhqQvYhhgXUzDWfGAfV,353kMA0R4IB26VAjaDjdKQB,,,Payment,Authentic by Zee,,,,ea,1
8/25/2018,13:15:41,Eastern Time (US & Canada),Chicken,BBQ Chicken,7,Regular,,,$42.00 ,$0.00 ,$42.00 ,$0.00 ,pG14lEEhqQvYhhgXUzDWfGAfV,353kMA0R4IB26VAjaDjdKQB,,,Payment,Authentic by Zee,,,,ea,7
8/25/2018,13:15:41,Eastern Time (US & Canada),Chicken,Jerk Chicken,1,Regular,,,$6.50 ,$0.00 ,$6.50 ,$0.00 ,pG14lEEhqQvYhhgXUzDWfGAfV,353kMA0R4IB26VAjaDjdKQB,,"Grilled to bronzed, then stewed down in a as hot as you can stand it homemade Jerk Sauce.",Payment,Authentic by Zee,,,,ea,1
8/25/2018,12:03:19,Eastern Time (US & Canada),Beef,Short Ribs,1,Regular,,,$8.50 ,$0.00 ,$8.50 ,$0.00 ,B4KXQYe97PkZcKvQkAoDfrweV,k57XAp7zkyXcDqu3kL1tAtMF,,,Payment,Authentic by Zee,,359D7MA13X2VGSZGCNZXVY3Q2R,,ea,1
8/25/2018,12:03:19,Eastern Time (US & Canada),None,Custom Amount,1,,,,$8.00 ,$0.00 ,$8.00 ,$0.00 ,B4KXQYe97PkZcKvQkAoDfrweV,k57XAp7zkyXcDqu3kL1tAtMF,,,Payment,Authentic by Zee,,359D7MA13X2VGSZGCNZXVY3Q2R,,ea,1
8/25/2018,12:03:19,Eastern Time (US & Canada),Chicken,Curry chicken,1,Regular,,,$6.50 ,$0.00 ,$6.50 ,$0.00 ,B4KXQYe97PkZcKvQkAoDfrweV,k57XAp7zkyXcDqu3kL1tAtMF,,,Payment,Authentic by Zee,,359D7MA13X2VGSZGCNZXVY3Q2R,,ea,1
8/25/2018,12:03:19,Eastern Time (US & Canada),None,Custom Amount,1,,,,$8.00 ,$0.00 ,$8.00 ,$0.00 ,B4KXQYe97PkZcKvQkAoDfrweV,k57XAp7zkyXcDqu3kL1tAtMF,,,Payment,Authentic by Zee,,359D7MA13X2VGSZGCNZXVY3Q2R,,ea,1
8/25/2018,12:01:27,Eastern Time (US & Canada),None,Jerk Chicken,1,White,4,,$6.50 ,$0.00 ,$6.50 ,$0.00 ,f1xhzHaZTr4BwuQTM5ycpxreV,p0wUwr0n0sr2tDMx7cyDKQB,,,Payment,Authentic by Zee,,,,ea,1
8/25/2018,12:00:37,Eastern Time (US & Canada),None,Jerk Chicken,1,White,4,,$6.50 ,$0.00 ,$6.50 ,$0.00 ,tq0VUWocippHyx7mUQI7e10eV,XpzAnGGQtcH8JxRgMNfiKQB,,,Payment,Authentic by Zee,,,,ea,1
8/25/2018,12:00:37,Eastern Time (US & Canada),Beef,Short Ribs,1,Regular,,,$8.50 ,$0.00 ,$8.50 ,$0.00 ,tq0VUWocippHyx7mUQI7e10eV,XpzAnGGQtcH8JxRgMNfiKQB,,,Payment,Authentic by Zee,,,,ea,1
8/18/2018,12:02:07,Eastern Time (US & Canada),Chicken,BBQ Chicken,1,Regular,,,$6.00 ,$0.00 ,$6.00 ,$0.00 ,PNpjkUKmIpdfkoE8Qc7gbkweV,CTrRVJf3xPufJile1j3KDzMF,,,Payment,Authentic by Zee,,359D7MA13X2VGSZGCNZXVY3Q2R,,ea,1
8/18/2018,12:02:07,Eastern Time (US & Canada),Chicken,Curry chicken,2,Regular,,,$13.00 ,$0.00 ,$13.00 ,$0.00 ,PNpjkUKmIpdfkoE8Qc7gbkweV,CTrRVJf3xPufJile1j3KDzMF,,,Payment,Authentic by Zee,,359D7MA13X2VGSZGCNZXVY3Q2R,,ea,2
7/25/2018,13:23:42,Eastern Time (US & Canada),None,Custom Amount,1,,,,$35.00 ,$0.00 ,$35.00 ,$0.00 ,1I974GG9zFS4SpHh6Wnx9fgeV,XqXRiQTHhoAuTc3V8H6XwtMF,,,Payment,Authentic by Zee,,37Z1KYMF9X0HCGJV1F66FZQM4G,,ea,1
7/12/2018,16:08:19,Eastern Time (US & Canada),None,Chicken Fajitas,1,Regular,,,$7.50 ,$0.00 ,$7.50 ,$0.38 ,fTAXcwxoB9CvEBfjXpeP7AzeV,dRLd9lPAC0QoR4jwFOUs8tMF,,"Seared Chicken Breast, laid on a wrap with sauteed onions, green & red bell peppers, and cheese, then grilled to perfection on the foreman.",Payment,Authentic by Zee,,3205DJH50111MHFWRV4NZK9534,,ea,1
7/12/2018,16:07:15,Eastern Time (US & Canada),None,Chicken Fajitas,1,Regular,,,$7.50 ,$0.00 ,$7.50 ,$0.38 ,3bo42OvCq8wpRgtlshfPgwteV,1KXlmA4S3KHpySrMsqpP8xMF,,"Seared Chicken Breast, laid on a wrap with sauteed onions, green & red bell peppers, and cheese, then grilled to perfection on the foreman.",Payment,Authentic by Zee,,NXF1JHJNJS1J0P6B1W2Q9TS9C8,,ea,1
7/12/2018,12:18:47,Eastern Time (US & Canada),None,Chicken Fajitas,1,Regular,,,$7.50 ,$0.00 ,$7.50 ,$0.38 ,ZMIavUjxhXA6rankpNunzS6eV,AGcpK6P9I5XSsdbmNIPV9yMF,,"Seared Chicken Breast, laid on a wrap with sauteed onions, green & red bell peppers, and cheese, then grilled to perfection on the foreman.",Payment,Authentic by Zee,,XCB8DHQZP106PWTKYV6EFMNNZM,,ea,1
7/12/2018,12:17:54,Eastern Time (US & Canada),None,Chicken Fajitas,1,Regular,,,$7.50 ,$0.00 ,$7.50 ,$0.38 ,NSMZPoXnd79qE6kE6p8dhXzeV,OapO0jIOf0bR1aQReyPCXtMF,,"Seared Chicken Breast, laid on a wrap with sauteed onions, green & red bell peppers, and cheese, then grilled to perfection on the foreman.",Payment,Authentic by Zee,,54S1TA4F6H29RQJN0WS5VH7SF8,,ea,1
6/23/2018,17:39:31,Eastern Time (US & Canada),Chicken,BBQ Chicken,1,Regular,,,$6.00 ,$0.00 ,$6.00 ,$0.30 ,9o5ojCQLllIyAj4Usw5kp0jeV,YT1rXYVjoZsThjd9Wu5QqvMF,,,Payment,Authentic by Zee,,1KDHRDBMRN3ZYXKKGG8R2H39N4,,ea,1
6/23/2018,17:39:31,Eastern Time (US & Canada),Chicken,Seared Blackened Chicken Breast,1,Regular,,,$10.50 ,$0.00 ,$10.50 ,$0.52 ,9o5ojCQLllIyAj4Usw5kp0jeV,YT1rXYVjoZsThjd9Wu5QqvMF,,"Half Pan available serves 15-20
Whole Pan available serves 35-40",Payment,Authentic by Zee,,1KDHRDBMRN3ZYXKKGG8R2H39N4,,ea,1
6/23/2018,17:25:34,Eastern Time (US & Canada),Beef,Oxtail,1,Regular,,,$14.00 ,$0.00 ,$14.00 ,$0.70 ,ffwcsQtXeFrxAhAYP89ELgreV,vNJdbsbVtX9Q4pVPANJjLQB,,,Payment,Authentic by Zee,,,,ea,1
6/23/2018,17:25:34,Eastern Time (US & Canada),None,Custom Amount,1,,,,$3.50 ,$0.00 ,$3.50 ,$0.18 ,ffwcsQtXeFrxAhAYP89ELgreV,vNJdbsbVtX9Q4pVPANJjLQB,,,Payment,Authentic by Zee,,,,ea,1
6/23/2018,17:25:34,Eastern Time (US & Canada),Chicken,Jerk Chicken,1,Regular,,,$6.50 ,$0.00 ,$6.50 ,$0.32 ,ffwcsQtXeFrxAhAYP89ELgreV,vNJdbsbVtX9Q4pVPANJjLQB,,"Grilled to bronzed, then stewed down in a as hot as you can stand it homemade Jerk Sauce.",Payment,Authentic by Zee,,,,ea,1
6/22/2018,19:03:55,Eastern Time (US & Canada),Chicken,Jerk Chicken,2,Regular,,,$13.00 ,$0.00 ,$13.00 ,$0.65 ,tGYiDNeeOq41k9I7ujgSZ00eV,brNhbldcG8HL9aqWKCuRKQB,,"Grilled to bronzed, then stewed down in a as hot as you can stand it homemade Jerk Sauce.",Payment,Authentic by Zee,,,,ea,2
6/22/2018,11:40:57,Eastern Time (US & Canada),Speciality ,Curry Tofu,15,Regular,,,$131.25 ,$0.00 ,$131.25 ,$6.56 ,9ieeGN1yteuy1M0T36sbUv1eV,E9M1iFAD4uwjFAhHgVcgBuMF,,,Payment,Authentic by Zee,,D666912Z9X4S7B6JBCQF4BP0M0,,ea,15
6/16/2018,19:36:45,Eastern Time (US & Canada),Chicken,Seared Blackened Chicken Breast,4,Whole Pan,,,$460.00 ,($46.00),$414.00 ,$20.70 ,RiHNEYrenklQ71CJZKcK9VqeV,iqDDfsR94Rg3sBki0AkWQwMF,,"Half Pan available serves 15-20
Whole Pan available serves 35-40",Payment,Authentic by Zee,,D666912Z9X4S7B6JBCQF4BP0M0,,ea,4
6/16/2018,19:36:45,Eastern Time (US & Canada),Chicken,Jerk Chicken,3,Whole Pan (Mixed),,,$435.00 ,($43.50),$391.50 ,$19.58 ,RiHNEYrenklQ71CJZKcK9VqeV,iqDDfsR94Rg3sBki0AkWQwMF,,"Grilled to bronzed, then stewed down in a as hot as you can stand it homemade Jerk Sauce.",Payment,Authentic by Zee,,D666912Z9X4S7B6JBCQF4BP0M0,,ea,3
6/16/2018,19:36:45,Eastern Time (US & Canada),Sides,Baked Mac,6,Whole Pan,,,$360.00 ,($36.00),$324.00 ,$16.20 ,RiHNEYrenklQ71CJZKcK9VqeV,iqDDfsR94Rg3sBki0AkWQwMF,,"Creamy Mac & Cheese mixed with ground beef, sauteed with onions and green and red bell peppers, seasoned to perfection an baked golden brown.",Payment,Authentic by Zee,,D666912Z9X4S7B6JBCQF4BP0M0,,ea,6
6/16/2018,19:36:45,Eastern Time (US & Canada),Sides,CORNBREAD CASSEROLE ,6,Whole Pan,,,$210.00 ,($21.00),$189.00 ,$9.45 ,RiHNEYrenklQ71CJZKcK9VqeV,iqDDfsR94Rg3sBki0AkWQwMF,,,Payment,Authentic by Zee,,D666912Z9X4S7B6JBCQF4BP0M0,,ea,6
6/16/2018,19:36:45,Eastern Time (US & Canada),Dessert,Oreo Deloght,6,Full Pan,,,$150.00 ,($15.00),$135.00 ,$6.75 ,RiHNEYrenklQ71CJZKcK9VqeV,iqDDfsR94Rg3sBki0AkWQwMF,,"Oreo cookie crust layered with chocolate pudding, and a light airy cool whip!",Payment,Authentic by Zee,,D666912Z9X4S7B6JBCQF4BP0M0,,ea,6
6/15/2018,15:52:49,Eastern Time (US & Canada),Beef,Oxtail,1,Regular,,,$14.00 ,$0.00 ,$14.00 ,$0.70 ,1MzVc2ZNqcECG40pD2LXmPoeV,S6mw69B244XLFSTLyD0hivMF,,,Payment,Authentic by Zee,,17E74GJAD16ACSBYZB2KNBZ9N4,,ea,1
6/15/2018,15:52:49,Eastern Time (US & Canada),Chicken,Jerk Chicken,1,Regular,,,$6.50 ,$0.00 ,$6.50 ,$0.32 ,1MzVc2ZNqcECG40pD2LXmPoeV,S6mw69B244XLFSTLyD0hivMF,,"Grilled to bronzed, then stewed down in a as hot as you can stand it homemade Jerk Sauce.",Payment,Authentic by Zee,,17E74GJAD16ACSBYZB2KNBZ9N4,,ea,1
6/15/2018,15:52:49,Eastern Time (US & Canada),Chicken,Seared Blackened Chicken Breast,1,Regular,,,$10.50 ,$0.00 ,$10.50 ,$0.53 ,1MzVc2ZNqcECG40pD2LXmPoeV,S6mw69B244XLFSTLyD0hivMF,,"Half Pan available serves 15-20
Whole Pan available serves 35-40",Payment,Authentic by Zee,,17E74GJAD16ACSBYZB2KNBZ9N4,,ea,1
6/12/2018,12:56:32,Eastern Time (US & Canada),None,Chicken Fajitas,1,Regular,,,$7.50 ,$0.00 ,$7.50 ,$0.37 ,T9EbBBQ4BUHQcT1kJGMbPJneV,W2WGoDEkM7ZXGgLyvJQmYvMF,,"Seared Chicken Breast, laid on a wrap with sauteed onions, green & red bell peppers, and cheese, then grilled to perfection on the foreman.",Payment,Authentic by Zee,,XCB8DHQZP106PWTKYV6EFMNNZM,,ea,1
6/12/2018,12:56:32,Eastern Time (US & Canada),Chicken,Curry chicken,1,Regular,,,$6.50 ,$0.00 ,$6.50 ,$0.33 ,T9EbBBQ4BUHQcT1kJGMbPJneV,W2WGoDEkM7ZXGgLyvJQmYvMF,,,Payment,Authentic by Zee,,XCB8DHQZP106PWTKYV6EFMNNZM,,ea,1
6/12/2018,12:56:32,Eastern Time (US & Canada),Drinks,Pineapple Passion,1,Regular,91,,$2.00 ,$0.00 ,$2.00 ,$0.10 ,T9EbBBQ4BUHQcT1kJGMbPJneV,W2WGoDEkM7ZXGgLyvJQmYvMF,,,Payment,Authentic by Zee,,XCB8DHQZP106PWTKYV6EFMNNZM,,ea,1
6/12/2018,12:56:32,Eastern Time (US & Canada),None,Custom Amount,1,,,,$1.00 ,$0.00 ,$1.00 ,$0.05 ,T9EbBBQ4BUHQcT1kJGMbPJneV,W2WGoDEkM7ZXGgLyvJQmYvMF,,,Payment,Authentic by Zee,,XCB8DHQZP106PWTKYV6EFMNNZM,,ea,1
6/12/2018,12:55:13,Eastern Time (US & Canada),Chicken,Jerk Chicken,1,Regular,,,$6.50 ,$0.00 ,$6.50 ,$0.33 ,HR9HmKAyXGtVmbMrg397825eV,28yRTMKeVeXVfzLSzaGLVvMF,,"Grilled to bronzed, then stewed down in a as hot as you can stand it homemade Jerk Sauce.",Payment,Authentic by Zee,,ZB84GFA1954MPR6VJ0SXC5M9PM,,ea,1
6/12/2018,12:55:13,Eastern Time (US & Canada),Drinks,Pineapple Passion,1,Regular,91,,$2.00 ,$0.00 ,$2.00 ,$0.10 ,HR9HmKAyXGtVmbMrg397825eV,28yRTMKeVeXVfzLSzaGLVvMF,,,Payment,Authentic by Zee,,ZB84GFA1954MPR6VJ0SXC5M9PM,,ea,1
6/12/2018,12:55:13,Eastern Time (US & Canada),None,Custom Amount,1,,,,$1.00 ,$0.00 ,$1.00 ,$0.05 ,HR9HmKAyXGtVmbMrg397825eV,28yRTMKeVeXVfzLSzaGLVvMF,,,Payment,Authentic by Zee,,ZB84GFA1954MPR6VJ0SXC5M9PM,,ea,1
6/2/2018,17:25:03,Eastern Time (US & Canada),None,Custom Amount,1,,,,$20.00 ,$0.00 ,$20.00 ,$1.00 ,l0DXF5vuKxv7zXkvRFgluYfeV,pMwgjGPUy4BQ8caB8ElbLQB,,,Payment,Authentic by Zee,,,,ea,1
6/2/2018,17:25:03,Eastern Time (US & Canada),None,Custom Amount,1,,,,$20.00 ,$0.00 ,$20.00 ,$1.00 ,l0DXF5vuKxv7zXkvRFgluYfeV,pMwgjGPUy4BQ8caB8ElbLQB,,,Payment,Authentic by Zee,,,,ea,1
6/2/2018,17:25:03,Eastern Time (US & Canada),Chicken,Curry chicken,7,Regular,,,$45.50 ,$0.00 ,$45.50 ,$2.28 ,l0DXF5vuKxv7zXkvRFgluYfeV,pMwgjGPUy4BQ8caB8ElbLQB,,,Payment,Authentic by Zee,,,,ea,7
5/30/2018,12:56:05,Eastern Time (US & Canada),Sides,Baked Mac,1,Regular,3,,$3.00 ,$0.00 ,$3.00 ,$0.15 ,N8hBRnlfzvj5RbZY9QtbIH1eV,1eAD8PxfpoCzOqmN3jJCKQB,,,Payment,Authentic by Zee,,,,ea,1
5/30/2018,12:56:05,Eastern Time (US & Canada),None,Chicken Fajitas,1,Regular,,,$7.50 ,$0.00 ,$7.50 ,$0.37 ,N8hBRnlfzvj5RbZY9QtbIH1eV,1eAD8PxfpoCzOqmN3jJCKQB,,"Seared Chicken Breast, laid on a wrap with sauteed onions, green & red bell peppers, and cheese, then grilled to perfection on the foreman.",Payment,Authentic by Zee,,,,ea,1
5/30/2018,12:56:05,Eastern Time (US & Canada),Sides,CORNBREAD CASSEROLE ,1,Regular,,,$2.00 ,$0.00 ,$2.00 ,$0.10 ,N8hBRnlfzvj5RbZY9QtbIH1eV,1eAD8PxfpoCzOqmN3jJCKQB,,,Payment,Authentic by Zee,,,,ea,1
5/30/2018,12:56:05,Eastern Time (US & Canada),Chicken,Jerk Chicken,1,Regular,,,$6.50 ,$0.00 ,$6.50 ,$0.33 ,N8hBRnlfzvj5RbZY9QtbIH1eV,1eAD8PxfpoCzOqmN3jJCKQB,,"Grilled to bronzed, then stewed down in a as hot as you can stand it homemade Jerk Sauce.",Payment,Authentic by Zee,,,,ea,1
5/30/2018,12:56:05,Eastern Time (US & Canada),None,Custom Amount,1,,,,$5.00 ,$0.00 ,$5.00 ,$0.25 ,N8hBRnlfzvj5RbZY9QtbIH1eV,1eAD8PxfpoCzOqmN3jJCKQB,,,Payment,Authentic by Zee,,,,ea,1
5/28/2018,4:43:42,Eastern Time (US & Canada),None,Seared Blackened Chicken Breast,1,Regular,,,$10.00 ,$0.00 ,$10.00 ,$0.50 ,r1cKS4dfp3UfIyO6NzjzbjteV,Xdy0UAiKnusl3E0qi6Qs1sMF,,,Payment,Authentic by Zee,,Q9BJ04TG7D5314K3TCHQ27Z15C,,ea,1
5/26/2018,19:05:12,Eastern Time (US & Canada),Sides,Baked Mac,1,1/2 Pan,,,$35.00 ,$0.00 ,$35.00 ,$1.75 ,bjvc9oVLoE4ItqiHB67mmRAfV,KzdAbxoeKOohk5fvcCi8UwMF,,"Creamy Mac & Cheese mixed with ground beef, sauteed with onions and green and red bell peppers, seasoned to perfection an baked golden brown.",Payment,Authentic by Zee,,XSDF142WZ16254DF41CCDZ8QDG,,ea,1
5/26/2018,18:07:03,Eastern Time (US & Canada),None,Custom Amount,1,,,,$16.75 ,$0.00 ,$16.75 ,$0.84 ,r3LnVolKR6WK7KStKI2VUk6eV,b9ufWi16J46ac0Bv3FfdLQB,,,Payment,Authentic by Zee,,,,ea,1
5/26/2018,18:07:03,Eastern Time (US & Canada),None,Custom Amount,1,,,,$8.75 ,$0.00 ,$8.75 ,$0.44 ,r3LnVolKR6WK7KStKI2VUk6eV,b9ufWi16J46ac0Bv3FfdLQB,,,Payment,Authentic by Zee,,,,ea,1
5/18/2018,19:53:24,Eastern Time (US & Canada),None,Custom Amount,1,,,,$7.00 ,$0.00 ,$7.00 ,$0.00 ,N2MsdETG7zCDYicqfu2eSmyeV,hDxnBHMDz0pI0Im907livuMF,,,Payment,Authentic by Zee,,PXF6ZGSYFD00TMBM0PGCA87C80,,ea,1
5/18/2018,19:53:24,Eastern Time (US & Canada),Chicken,Curry chicken,2,Regular,,,$13.00 ,$0.00 ,$13.00 ,$0.00 ,N2MsdETG7zCDYicqfu2eSmyeV,hDxnBHMDz0pI0Im907livuMF,,,Payment,Authentic by Zee,,PXF6ZGSYFD00TMBM0PGCA87C80,,ea,2
5/18/2018,19:53:24,Eastern Time (US & Canada),None,Custom Amount,1,,,,$2.00 ,$0.00 ,$2.00 ,$0.00 ,N2MsdETG7zCDYicqfu2eSmyeV,hDxnBHMDz0pI0Im907livuMF,,,Payment,Authentic by Zee,,PXF6ZGSYFD00TMBM0PGCA87C80,,ea,1
5/18/2018,13:23:42,Eastern Time (US & Canada),Beef,Beef Combination,1,Regular,,,$14.00 ,$0.00 ,$14.00 ,$1.68 ,p4gDkL0WInVUCA9B23bnjXjeV,rzlzIMo3rE18tUDnMMwdLQB,,Any two beef main dish wih 2 additional sides,Payment,Authentic by Zee,,,,ea,1
5/18/2018,13:23:42,Eastern Time (US & Canada),None,Chicken Fajitas,1,Regular,,,$7.50 ,$0.00 ,$7.50 ,$0.90 ,p4gDkL0WInVUCA9B23bnjXjeV,rzlzIMo3rE18tUDnMMwdLQB,,"Seared Chicken Breast, laid on a wrap with sauteed onions, green & red bell peppers, and cheese, then grilled to perfection on the foreman.",Payment,Authentic by Zee,,,,ea,1
5/18/2018,13:23:42,Eastern Time (US & Canada),None,Custom Amount,1,,,,$2.00 ,$0.00 ,$2.00 ,$0.24 ,p4gDkL0WInVUCA9B23bnjXjeV,rzlzIMo3rE18tUDnMMwdLQB,,,Payment,Authentic by Zee,,,,ea,1
5/18/2018,13:23:42,Eastern Time (US & Canada),None,Seared Blackened Chicken Breast,1,Regular,,,$10.00 ,$0.00 ,$10.00 ,$1.20 ,p4gDkL0WInVUCA9B23bnjXjeV,rzlzIMo3rE18tUDnMMwdLQB,,,Payment,Authentic by Zee,,,,ea,1
5/18/2018,13:23:42,Eastern Time (US & Canada),None,Delivery Fee,1,,,,$5.00 ,$0.00 ,$5.00 ,$0.00 ,p4gDkL0WInVUCA9B23bnjXjeV,rzlzIMo3rE18tUDnMMwdLQB,,,Payment,Authentic by Zee,,,,ea,1
5/10/2018,15:14:58,Eastern Time (US & Canada),Dessert,Banana Pudding,1,Regular,,,$3.00 ,$0.00 ,$3.00 ,$0.36 ,RaD96jV2yWulQzHXoh7eQRAfV,xmv8KbID7vkqXVdW7b77KQB,,"Ripe Banana, layered with Vanilla Pudding and fluffy cool Whip, with vanilla wafer crackers that'll have your mouth saying ""more please!""",Payment,Authentic by Zee,,,,ea,1
5/10/2018,15:14:58,Eastern Time (US & Canada),Fish,Tilapia,1,Regular,90,,$7.75 ,$0.00 ,$7.75 ,$0.93 ,RaD96jV2yWulQzHXoh7eQRAfV,xmv8KbID7vkqXVdW7b77KQB,,"Sauteed Tilapia with bell peppers, onion and a tomato basil gravey",Payment,Authentic by Zee,,,,ea,1
5/10/2018,14:07:34,Eastern Time (US & Canada),Fish,Tilapia,1,Regular,90,,$7.75 ,$0.00 ,$7.75 ,$0.93 ,fHoOKnHj4ME9tYKS8ZHXejkeV,PhlWhAk4SDbKa5dVzfbcLQB,,"Sauteed Tilapia with bell peppers, onion and a tomato basil gravey",Payment,Authentic by Zee,,,,ea,1
5/10/2018,14:07:34,Eastern Time (US & Canada),Dessert,Banana Pudding,1,Regular,,,$3.00 ,$0.00 ,$3.00 ,$0.36 ,fHoOKnHj4ME9tYKS8ZHXejkeV,PhlWhAk4SDbKa5dVzfbcLQB,,"Ripe Banana, layered with Vanilla Pudding and fluffy cool Whip, with vanilla wafer crackers that'll have your mouth saying ""more please!""",Payment,Authentic by Zee,,,,ea,1
5/10/2018,14:01:47,Eastern Time (US & Canada),None,Jerk Chicken,2,White,4,,$13.00 ,$0.00 ,$13.00 ,$1.56 ,B2dzvzOICFfrvZJkGi9l4vgeV,T5wObP0Sa9deyo5OQzAxJQB,,,Payment,Authentic by Zee,,,,ea,2
5/10/2018,14:01:47,Eastern Time (US & Canada),Beef,Oxtail,1,Regular,,,$14.00 ,$0.00 ,$14.00 ,$1.68 ,B2dzvzOICFfrvZJkGi9l4vgeV,T5wObP0Sa9deyo5OQzAxJQB,,,Payment,Authentic by Zee,,,,ea,1
5/10/2018,14:01:47,Eastern Time (US & Canada),None,Custom Amount,1,,,,$2.50 ,$0.00 ,$2.50 ,$0.30 ,B2dzvzOICFfrvZJkGi9l4vgeV,T5wObP0Sa9deyo5OQzAxJQB,,,Payment,Authentic by Zee,,,,ea,1
5/10/2018,13:57:06,Eastern Time (US & Canada),Chicken,Jerk Chicken,2,Regular,,,$13.00 ,$0.00 ,$13.00 ,$1.56 ,NyOQ0TLVlst00PNK16U2esneV,fTKWVYSoRIKfh9sPqiIIKQB,,"Grilled to bronzed, then stewed down in a as hot as you can stand it homemade Jerk Sauce.",Payment,Authentic by Zee,,,,ea,2
5/10/2018,13:57:06,Eastern Time (US & Canada),Beef,Oxtail,1,Regular,,,$14.00 ,$0.00 ,$14.00 ,$1.68 ,NyOQ0TLVlst00PNK16U2esneV,fTKWVYSoRIKfh9sPqiIIKQB,,,Payment,Authentic by Zee,,,,ea,1
5/10/2018,13:57:06,Eastern Time (US & Canada),Chicken,BBQ Chicken,1,Regular,,,$6.00 ,$0.00 ,$6.00 ,$0.72 ,NyOQ0TLVlst00PNK16U2esneV,fTKWVYSoRIKfh9sPqiIIKQB,,,Payment,Authentic by Zee,,,,ea,1
5/10/2018,13:57:06,Eastern Time (US & Canada),Chicken,Jerk Chicken,2,Regular,,,$13.00 ,$0.00 ,$13.00 ,$1.56 ,NyOQ0TLVlst00PNK16U2esneV,fTKWVYSoRIKfh9sPqiIIKQB,,"Grilled to bronzed, then stewed down in a as hot as you can stand it homemade Jerk Sauce.",Payment,Authentic by Zee,,,,ea,2
5/9/2018,15:14:58,Eastern Time (US & Canada),None,Custom Amount,1,,,,$2.50 ,$0.00 ,$2.50 ,$0.30 ,B0SoMDmdVx26P51HAt20QHfeV,vl3S2aeytoDqYDrRfT9FsyMF,,,Payment,Authentic by Zee,,15YW8GYV7150YHT4EYKYRH459C,,ea,1
5/9/2018,15:14:58,Eastern Time (US & Canada),Chicken,Jerk Chicken,2,Regular,,,$13.00 ,$0.00 ,$13.00 ,$1.56 ,B0SoMDmdVx26P51HAt20QHfeV,vl3S2aeytoDqYDrRfT9FsyMF,,"Grilled to bronzed, then stewed down in a as hot as you can stand it homemade Jerk Sauce.",Payment,Authentic by Zee,,15YW8GYV7150YHT4EYKYRH459C,,ea,2
5/7/2018,14:24:54,Eastern Time (US & Canada),Chicken,BBQ Chicken,2,Regular,,,$12.00 ,$0.00 ,$12.00 ,$0.00 ,1cRqHh9rPga50BwEzvd59A0eV,3LkgURnqYfEF6hSjMLV4FvMF,David,,Payment,Authentic by Zee,,6BTC7HHWRH0MAWNTD434PVP8DG,,ea,2
5/7/2018,14:24:54,Eastern Time (US & Canada),Sides,Baked Mac,1,Regular,3,,$3.00 ,$0.00 ,$3.00 ,$0.00 ,1cRqHh9rPga50BwEzvd59A0eV,3LkgURnqYfEF6hSjMLV4FvMF,David,,Payment,Authentic by Zee,,6BTC7HHWRH0MAWNTD434PVP8DG,,ea,1
5/5/2018,12:07:43,Eastern Time (US & Canada),Fish,Tilapia,2,Regular,90,,$15.50 ,$0.00 ,$15.50 ,$1.86 ,tGCNCxfyBsSspkPCX29fqZweV,0B32RRpJhuY36ASiQb21izMF,,"Sauteed Tilapia with bell peppers, onion and a tomato basil gravey",Payment,Authentic by Zee,,17E74GJAD16ACSBYZB2KNBZ9N4,,ea,2
5/4/2018,14:54:36,Eastern Time (US & Canada),None,Custom Amount,1,,,,$2.50 ,$0.00 ,$2.50 ,$0.31 ,R8IfUMg3RQtuQKcsjtlvRDqeV,DCmZD2kNtbW12kRUKb5b3yMF,,,Payment,Authentic by Zee,,17E74GJAD16ACSBYZB2KNBZ9N4,,ea,1
5/4/2018,14:54:36,Eastern Time (US & Canada),Drinks,Authentic Mango Punch,1,Regular,,,$2.00 ,$0.00 ,$2.00 ,$0.24 ,R8IfUMg3RQtuQKcsjtlvRDqeV,DCmZD2kNtbW12kRUKb5b3yMF,,,Payment,Authentic by Zee,,17E74GJAD16ACSBYZB2KNBZ9N4,,ea,1
5/4/2018,14:54:36,Eastern Time (US & Canada),Drinks,Pineapple Passion,1,Regular,91,,$2.00 ,$0.00 ,$2.00 ,$0.24 ,R8IfUMg3RQtuQKcsjtlvRDqeV,DCmZD2kNtbW12kRUKb5b3yMF,,,Payment,Authentic by Zee,,17E74GJAD16ACSBYZB2KNBZ9N4,,ea,1
5/4/2018,14:54:36,Eastern Time (US & Canada),Chicken,Jerk Chicken,1,Regular,,,$6.50 ,$0.00 ,$6.50 ,$0.77 ,R8IfUMg3RQtuQKcsjtlvRDqeV,DCmZD2kNtbW12kRUKb5b3yMF,,"Grilled to bronzed, then stewed down in a as hot as you can stand it homemade Jerk Sauce.",Payment,Authentic by Zee,,17E74GJAD16ACSBYZB2KNBZ9N4,,ea,1
5/4/2018,14:54:36,Eastern Time (US & Canada),Chicken,BBQ Chicken,1,Regular,,,$6.00 ,$0.00 ,$6.00 ,$0.72 ,R8IfUMg3RQtuQKcsjtlvRDqeV,DCmZD2kNtbW12kRUKb5b3yMF,,,Payment,Authentic by Zee,,17E74GJAD16ACSBYZB2KNBZ9N4,,ea,1
5/2/2018,13:23:58,Eastern Time (US & Canada),Beef,Short Ribs,1,Regular,,,$8.50 ,$0.00 ,$8.50 ,$1.02 ,z1qofFHTCDOoP2Fp1umUacteV,JIGuCOEiBoot017RpPNbKQB,,,Payment,Authentic by Zee,,,,ea,1
5/2/2018,13:14:32,Eastern Time (US & Canada),Dessert,Banana Pudding,1,Regular,,,$3.00 ,$0.00 ,$3.00 ,$0.36 ,DnHO22nReM9jUrt19NELuTveV,3BnKkmZjGsrfr1GnoQNlKQB,,"Ripe Banana, layered with Vanilla Pudding and fluffy cool Whip, with vanilla wafer crackers that'll have your mouth saying ""more please!""",Payment,Authentic by Zee,,,,ea,1
5/2/2018,13:14:32,Eastern Time (US & Canada),Chicken,Curry chicken,1,Regular,,,$6.50 ,$0.00 ,$6.50 ,$0.78 ,DnHO22nReM9jUrt19NELuTveV,3BnKkmZjGsrfr1GnoQNlKQB,,,Payment,Authentic by Zee,,,,ea,1
5/2/2018,13:13:39,Eastern Time (US & Canada),Beef,Short Ribs,1,Regular,,,$8.50 ,$0.00 ,$8.50 ,$1.02 ,tKG4NCCEe0Ts06l2P8c1cupeV,3Lg6hPxyVAkfi51RwpQXKQB,,,Payment,Authentic by Zee,,,,ea,1
5/2/2018,12:36:39,Eastern Time (US & Canada),Dessert,Banana Pudding,1,Regular,,,$3.00 ,$0.00 ,$3.00 ,$0.36 ,RQEwcK29iGWogj8AYYPvTT1eV,Xrwe9LBSIb8UbNSi8ZN8JQB,,"Ripe Banana, layered with Vanilla Pudding and fluffy cool Whip, with vanilla wafer crackers that'll have your mouth saying ""more please!""",Payment,Authentic by Zee,,,,ea,1
5/2/2018,12:36:39,Eastern Time (US & Canada),Chicken,Jerk Chicken,1,Regular,,,$6.50 ,$0.00 ,$6.50 ,$0.77 ,RQEwcK29iGWogj8AYYPvTT1eV,Xrwe9LBSIb8UbNSi8ZN8JQB,,"Grilled to bronzed, then stewed down in a as hot as you can stand it homemade Jerk Sauce.",Payment,Authentic by Zee,,,,ea,1
5/2/2018,12:36:39,Eastern Time (US & Canada),None,Custom Amount,1,,,,$2.50 ,$0.00 ,$2.50 ,$0.31 ,RQEwcK29iGWogj8AYYPvTT1eV,Xrwe9LBSIb8UbNSi8ZN8JQB,,,Payment,Authentic by Zee,,,,ea,1
4/28/2018,15:06:17,Eastern Time (US & Canada),Chicken,BBQ Chicken,1,Regular,,,$6.00 ,$0.00 ,$6.00 ,$0.72 ,hwuZh8H4RFPeNiiaRws6vWqeV,KGIJJG4mt6ca074942nBFwMF,,,Payment,Authentic by Zee,,YG26WMBEW5498P7PB85F12GTCR,,ea,1
4/28/2018,14:56:48,Eastern Time (US & Canada),Chicken,BBQ Chicken,1,Regular,,,$6.00 ,$0.00 ,$6.00 ,$0.72 ,FoPSO2206qGq4LiOOSUkDrieV,V6waZbZfHexGztoMAvpWLQB,,,Payment,Authentic by Zee,,,,ea,1
4/28/2018,14:55:47,Eastern Time (US & Canada),None,Chicken Fajitas,1,Regular,,,$7.50 ,$0.00 ,$7.50 ,$0.90 ,LDhNOyeYbCGiOyNBy1hoarweV,LnZ67KCIqJa3yTRFtxeJKQB,,"Seared Chicken Breast, laid on a wrap with sauteed onions, green & red bell peppers, and cheese, then grilled to perfection on the foreman.",Payment,Authentic by Zee,,,,ea,1
4/28/2018,14:55:47,Eastern Time (US & Canada),Drinks,Authentic Mango Punch,1,Regular,,,$2.00 ,$0.00 ,$2.00 ,$0.24 ,LDhNOyeYbCGiOyNBy1hoarweV,LnZ67KCIqJa3yTRFtxeJKQB,,,Payment,Authentic by Zee,,,,ea,1
4/28/2018,14:54:36,Eastern Time (US & Canada),Chicken,Jerk Chicken,1,Regular,,,$6.50 ,$0.00 ,$6.50 ,$0.78 ,L1ciWRWk3m5L25vWx4rTIeweV,r1yDFkmM6LrHCFyCUaIYLQB,,"Grilled to bronzed, then stewed down in a as hot as you can stand it homemade Jerk Sauce.",Payment,Authentic by Zee,,,,ea,1
4/26/2018,12:21:25,Eastern Time (US & Canada),Chicken,Jerk Chicken,1,Regular,,,$6.50 ,$0.00 ,$6.50 ,$0.78 ,bTtLPkMfF14FTqvxvcsNXL8eV,iGgYQbd2p4SxQV0fAilnczMF,,"Grilled to bronzed, then stewed down in a as hot as you can stand it homemade Jerk Sauce.",Payment,Authentic by Zee,,JX8PYF0KS12V4HEK9B6ANPAFG4,,ea,1
4/26/2018,12:19:03,Eastern Time (US & Canada),Chicken,Jerk Chicken,1,Regular,,,$6.50 ,$0.00 ,$6.50 ,$0.78 ,rRoBo5RNL24JQHmXPxEuI23eV,NOoYZ5Rkevo7ptsOxB2KKQB,,"Grilled to bronzed, then stewed down in a as hot as you can stand it homemade Jerk Sauce.",Payment,Authentic by Zee,,,,ea,1
4/26/2018,12:19:03,Eastern Time (US & Canada),Dessert,Banana Pudding,1,Regular,,,$3.00 ,$0.00 ,$3.00 ,$0.36 ,rRoBo5RNL24JQHmXPxEuI23eV,NOoYZ5Rkevo7ptsOxB2KKQB,,"Ripe Banana, layered with Vanilla Pudding and fluffy cool Whip, with vanilla wafer crackers that'll have your mouth saying ""more please!""",Payment,Authentic by Zee,,,,ea,1
4/25/2018,17:18:31,Eastern Time (US & Canada),Chicken,Jerk Chicken,1,Regular,,,$6.50 ,$0.00 ,$6.50 ,$0.78 ,Ln1QnEBOaHIKffQOi2F7oaxeV,doR8toYQHHhJs9kNtc8VKQB,,"Grilled to bronzed, then stewed down in a as hot as you can stand it homemade Jerk Sauce.",Payment,Authentic by Zee,,,,ea,1
4/25/2018,17:17:04,Eastern Time (US & Canada),Chicken,Jerk Chicken,1,Regular,,,$6.50 ,$0.00 ,$6.50 ,$0.78 ,vDySQPF9XnMrXGNLpIup8MseV,h8ukCTwGrhnmTeJbudncLQB,,"Grilled to bronzed, then stewed down in a as hot as you can stand it homemade Jerk Sauce.",Payment,Authentic by Zee,,,,ea,1
4/21/2018,19:42:49,Eastern Time (US & Canada),Chicken,Jerk Chicken,1,Regular,,,$6.50 ,$0.00 ,$6.50 ,$0.78 ,jf5t0FjrjDOSgsczFIsaSt9eV,b9Y2pnLmTWdS6g8kTii1JQB,,"Grilled to bronzed, then stewed down in a as hot as you can stand it homemade Jerk Sauce.",Payment,Authentic by Zee,,,,ea,1
4/20/2018,17:52:30,Eastern Time (US & Canada),Chicken,Jerk Chicken,1,Regular,,,$6.50 ,$0.00 ,$6.50 ,$0.46 ,RmVxFPY75TEua8dl748xBxzeV,xeLgeoOoezHdndC3qfiFLQB,,"Grilled to bronzed, then stewed down in a as hot as you can stand it homemade Jerk Sauce.",Payment,Authentic by Zee,,,,ea,1
4/19/2018,13:01:34,Eastern Time (US & Canada),Fish,Tilapia,1,Regular,90,,$7.75 ,$0.00 ,$7.75 ,$0.54 ,jVqyhBNX8b6ciR1Q424hSljeV,TpGh3w24TkbAJogvmp7dKQB,,"Sauteed Tilapia with bell peppers, onion and a tomato basil gravey",Payment,Authentic by Zee,,,,ea,1
4/19/2018,12:13:04,Eastern Time (US & Canada),Chicken,Jerk Chicken,1,Regular,,,$6.50 ,$0.00 ,$6.50 ,$0.45 ,Dv5fRFdGsyRJtIvmRPSwQhmeV,w4fW0kbc4kyRf5IC24SOrzMF,,"Grilled to bronzed, then stewed down in a as hot as you can stand it homemade Jerk Sauce.",Payment,Authentic by Zee,,JX8PYF0KS12V4HEK9B6ANPAFG4,,ea,1
4/19/2018,12:13:04,Eastern Time (US & Canada),Beef,Short Ribs,1,Regular,,,$8.50 ,$0.00 ,$8.50 ,$0.60 ,Dv5fRFdGsyRJtIvmRPSwQhmeV,w4fW0kbc4kyRf5IC24SOrzMF,,,Payment,Authentic by Zee,,JX8PYF0KS12V4HEK9B6ANPAFG4,,ea,1
4/19/2018,12:11:08,Eastern Time (US & Canada),Chicken,Jerk Chicken,1,Regular,,,$6.50 ,$0.00 ,$6.50 ,$0.45 ,H1daQuF2X7H0NbxiUKzMau4eV,nj5Cr12O3cVwp7HjjlFlQsMF,,"Grilled to bronzed, then stewed down in a as hot as you can stand it homemade Jerk Sauce.",Payment,Authentic by Zee,,,,ea,1
4/19/2018,12:11:08,Eastern Time (US & Canada),Dessert,Pan Banana Pudding,1,,,,$25.00 ,$0.00 ,$25.00 ,$1.75 ,H1daQuF2X7H0NbxiUKzMau4eV,nj5Cr12O3cVwp7HjjlFlQsMF,,,Payment,Authentic by Zee,,,,ea,1
4/19/2018,12:08:23,Eastern Time (US & Canada),Chicken,Jerk Chicken,1,Regular,,,$6.50 ,$0.00 ,$6.50 ,$0.46 ,JmDxGFU1cBBkJ0xm9WkiO8xeV,5Cz4e1qDncGWy0R0drSmKQB,,"Grilled to bronzed, then stewed down in a as hot as you can stand it homemade Jerk Sauce.",Payment,Authentic by Zee,,,,ea,1
4/19/2018,12:07:07,Eastern Time (US & Canada),Beef,Short Ribs,1,Regular,,,$8.50 ,$0.00 ,$8.50 ,$0.60 ,xyR6idfux0KX6czaGRJ3DKneV,9Qfh3OPeklzMMcTsrOPjLQB,,,Payment,Authentic by Zee,,,,ea,1
4/18/2018,16:38:54,Eastern Time (US & Canada),Dessert,Banana Pudding,1,Regular,,,$3.00 ,$0.00 ,$3.00 ,$0.21 ,pKVvPT2zm7fHm5beEY4G9g7eV,16yfrI5iurDe2Ql9znOALQB,,"Ripe Banana, layered with Vanilla Pudding and fluffy cool Whip, with vanilla wafer crackers that'll have your mouth saying ""more please!""",Payment,Authentic by Zee,,DQ4PW3KA552JV3QXB13BF1M2YR,,ea,1
4/15/2018,18:47:55,Eastern Time (US & Canada),Chicken,Jerk Chicken,1,Regular,,,$6.50 ,$0.00 ,$6.50 ,$0.46 ,n9Fiz1yI46ICsCwLxYhGb8neV,qFo4zirnoTmd4C8YMzCx1sMF,,"Grilled to bronzed, then stewed down in a as hot as you can stand it homemade Jerk Sauce.",Payment,Authentic by Zee,,GD0H8RHVNN708TZ8SVM024F8SW,,ea,1
4/15/2018,17:21:07,Eastern Time (US & Canada),Chicken,BBQ Chicken,2,Regular,,,$12.00 ,$0.00 ,$12.00 ,$0.84 ,F2EhALHv6pZ7aT9sb4zphyueV,X1znWXEgodHMxNKDpL33JQB,,,Payment,Authentic by Zee,,,,ea,2
4/15/2018,17:21:07,Eastern Time (US & Canada),Sides,CORNBREAD CASSEROLE ,1,Regular,,,$2.00 ,$0.00 ,$2.00 ,$0.14 ,F2EhALHv6pZ7aT9sb4zphyueV,X1znWXEgodHMxNKDpL33JQB,,,Payment,Authentic by Zee,,,,ea,1
4/15/2018,17:21:07,Eastern Time (US & Canada),Sides,Plantain,1,Regular,92,,$2.00 ,$0.00 ,$2.00 ,$0.14 ,F2EhALHv6pZ7aT9sb4zphyueV,X1znWXEgodHMxNKDpL33JQB,,,Payment,Authentic by Zee,,,,ea,1
4/15/2018,17:21:07,Eastern Time (US & Canada),None,Custom Amount,1,,,,$2.00 ,$0.00 ,$2.00 ,$0.14 ,F2EhALHv6pZ7aT9sb4zphyueV,X1znWXEgodHMxNKDpL33JQB,,,Payment,Authentic by Zee,,,,ea,1
4/15/2018,17:21:07,Eastern Time (US & Canada),Drinks,Pineapple Passion,1,Regular,91,,$2.00 ,$0.00 ,$2.00 ,$0.14 ,F2EhALHv6pZ7aT9sb4zphyueV,X1znWXEgodHMxNKDpL33JQB,,,Payment,Authentic by Zee,,,,ea,1
4/15/2018,15:14:43,Eastern Time (US & Canada),Chicken,Curry chicken,1,Regular,,,$6.50 ,$0.00 ,$6.50 ,$0.00 ,xS18IQAeoVl6qaZpzLvgs5keV,VBKrdhJMMEsvzb0fTyH50sMF,David,,Payment,Authentic by Zee,,F5M702F7RN7A4MPXWW0EHXPD90,,ea,1
4/15/2018,15:14:43,Eastern Time (US & Canada),Chicken,Jerk Chicken,1,Regular,,,$6.50 ,$0.00 ,$6.50 ,$0.00 ,xS18IQAeoVl6qaZpzLvgs5keV,VBKrdhJMMEsvzb0fTyH50sMF,David,"Grilled to bronzed, then stewed down in a as hot as you can stand it homemade Jerk Sauce.",Payment,Authentic by Zee,,F5M702F7RN7A4MPXWW0EHXPD90,,ea,1
4/15/2018,15:14:43,Eastern Time (US & Canada),Sides,Plantain,1,Regular,92,,$2.00 ,$0.00 ,$2.00 ,$0.00 ,xS18IQAeoVl6qaZpzLvgs5keV,VBKrdhJMMEsvzb0fTyH50sMF,David,,Payment,Authentic by Zee,,F5M702F7RN7A4MPXWW0EHXPD90,,ea,1
4/14/2018,20:56:02,Eastern Time (US & Canada),None,Custom Amount,1,,,,$5.00 ,$0.00 ,$5.00 ,$0.60 ,hSpcwkhMmZcyHPFAQVq3nnjeV,NmYwMd3ELcFitkcIM2ZELQB,,,Payment,Authentic by Zee,,,,ea,1
4/14/2018,20:56:02,Eastern Time (US & Canada),Chicken,BBQ Chicken,1,Regular,,,$6.00 ,$0.00 ,$6.00 ,$0.72 ,hSpcwkhMmZcyHPFAQVq3nnjeV,NmYwMd3ELcFitkcIM2ZELQB,,,Payment,Authentic by Zee,,,,ea,1
4/14/2018,20:55:03,Eastern Time (US & Canada),Chicken,Jerk Chicken,1,Regular,,,$6.50 ,$0.00 ,$6.50 ,$0.78 ,pkqj1OUgQXHxiwbbOlvJDTxeV,XTgMjehvWpcLpmoO27e1KQB,,"Grilled to bronzed, then stewed down in a as hot as you can stand it homemade Jerk Sauce.",Payment,Authentic by Zee,,,,ea,1
4/14/2018,20:54:45,Eastern Time (US & Canada),Chicken,BBQ Chicken,1,Regular,,,$6.00 ,$0.00 ,$6.00 ,$0.72 ,jNYx4dq9PwaW0u3aqPr27vveV,tAJc5OPuLGxtCDAD5PhnKQB,,,Payment,Authentic by Zee,,,,ea,1
4/14/2018,20:54:10,Eastern Time (US & Canada),Chicken,Jerk Chicken,1,Regular,,,$6.50 ,$0.00 ,$6.50 ,$0.78 ,vz4TlbpWeHTZGssHqOJtQyweV,VMxSVK5PZqat2Q0IEFLzKQB,,"Grilled to bronzed, then stewed down in a as hot as you can stand it homemade Jerk Sauce.",Payment,Authentic by Zee,,,,ea,1
4/14/2018,20:53:29,Eastern Time (US & Canada),Chicken,Jerk Chicken,2,Regular,,,$13.00 ,$0.00 ,$13.00 ,$1.56 ,dKGu1AAxujFqUk2Yv3JcMfxeV,VY34IOVI6yMuK2XP9aDULQB,,"Grilled to bronzed, then stewed down in a as hot as you can stand it homemade Jerk Sauce.",Payment,Authentic by Zee,,,,ea,2
4/14/2018,18:00:25,Eastern Time (US & Canada),Chicken,BBQ Chicken,1,Regular,,,$6.00 ,$0.00 ,$6.00 ,$0.72 ,DdIzNJLs7dRcadEMQ40HH3eeV,TNAN5z4uqccSaEA2GmHyJQB,,,Payment,Authentic by Zee,,,,ea,1
4/12/2018,12:40:36,Eastern Time (US & Canada),None,Jerk Chicken,1,Regular,,,$6.50 ,$0.00 ,$6.50 ,$0.32 ,zLFgPrchViwWB3TS6ltTHwveV,7mRO7cNvegxw2XhNbeuBotMF,,"Grilled to bronzed, then stewed down in a as hot as you can stand it homemade Jerk Sauce.",Payment,Authentic by Zee,,JX8PYF0KS12V4HEK9B6ANPAFG4,,ea,1
4/12/2018,12:38:06,Eastern Time (US & Canada),Beef,Short Ribs,1,Regular,,,$8.50 ,$0.00 ,$8.50 ,$0.42 ,HbKBNyxzxH1iDLbUEljz7G7eV,Jkc4P7AeSsAjsr62vX6kLQB,,,Payment,Authentic by Zee,,,,ea,1
4/12/2018,12:36:27,Eastern Time (US & Canada),Beef,Short Ribs,1,Regular,,,$8.50 ,$0.00 ,$8.50 ,$0.42 ,zPbgAaWlM0w8uTIlFxZkI3teV,lOKzkEpA7IUeDPZHn9EThxMF,,,Payment,Authentic by Zee,,YMP8ARDAW94SJNZ221RZ4BPEEW,,ea,1
4/12/2018,12:35:04,Eastern Time (US & Canada),None,BBQ Chicken,1,Regular,,,$6.00 ,$0.00 ,$6.00 ,$0.30 ,nhRN4aBjNVpbxFW0WwM1qyseV,zfvmQYNBXRnzD49JLQoELQB,,,Payment,Authentic by Zee,,,,ea,1
4/12/2018,12:28:24,Eastern Time (US & Canada),None,Jerk Chicken,1,Regular,,,$6.50 ,$0.00 ,$6.50 ,$0.32 ,XpNPYWYzBJiOVZg6U53rxjqeV,9aMhcR57PWlyFoPnZmjG1xMF,,"Grilled to bronzed, then stewed down in a as hot as you can stand it homemade Jerk Sauce.",Payment,Authentic by Zee,,BYW0S66NMD374ZF8CCV2C5JR5R,,ea,1
4/12/2018,12:26:31,Eastern Time (US & Canada),None,Curry chicken,1,Regular,,,$6.50 ,$0.00 ,$6.50 ,$0.32 ,FsdWvdvP1EumqBAvDv9Y5XseV,HbmV61w3hPuBy06GOIvNLQB,,,Payment,Authentic by Zee,,,,ea,1
4/12/2018,12:26:04,Eastern Time (US & Canada),None,Chicken Fajitas,1,Regular,1,,$6.00 ,$0.00 ,$6.00 ,$0.30 ,Vise91JLe5Fp0U8TjAjB1YmeV,RfKTH7L1vRmhm5Sa9IJIVvMF,,,Payment,Authentic by Zee,,90RQKDZDSN2PPR2YVJ7XJ7V04G,,ea,1
4/12/2018,12:25:18,Eastern Time (US & Canada),None,Jerk Chicken,1,Regular,,,$6.50 ,$0.00 ,$6.50 ,$0.32 ,xkkBx0iRfkM2NqDy65D3IT0eV,mdYAETTaNpP8JoN9m95RlwMF,,"Grilled to bronzed, then stewed down in a as hot as you can stand it homemade Jerk Sauce.",Payment,Authentic by Zee,,B5EH080JQ91VRKHW7WF2RYAYTM,,ea,1
4/12/2018,12:23:41,Eastern Time (US & Canada),None,Curry chicken,1,Regular,,,$6.50 ,$0.00 ,$6.50 ,$0.32 ,fNbEdHukxYqHfodRZnMErZqeV,fnA05UutSSZ8SKRqubLTLQB,,,Payment,Authentic by Zee,,,,ea,1
4/12/2018,12:22:23,Eastern Time (US & Canada),None,Jerk Chicken,1,Regular,,,$6.50 ,$0.00 ,$6.50 ,$0.32 ,1c9i0VgNEdLzFpPuNyzP4U7eV,jLTDocWHQzEKhLLeihn3JQB,,"Grilled to bronzed, then stewed down in a as hot as you can stand it homemade Jerk Sauce.",Payment,Authentic by Zee,,,,ea,1
4/12/2018,12:22:04,Eastern Time (US & Canada),None,Curry chicken,1,Regular,,,$6.50 ,$0.00 ,$6.50 ,$0.33 ,7twGtutAmyboiUKcvgeUQIleV,90ZF1PuUs1GeiVw0jOHDLQB,,,Payment,Authentic by Zee,,,,ea,1
4/12/2018,12:22:04,Eastern Time (US & Canada),None,Jerk Chicken,2,Regular,,,$13.00 ,$0.00 ,$13.00 ,$0.65 ,7twGtutAmyboiUKcvgeUQIleV,90ZF1PuUs1GeiVw0jOHDLQB,,"Grilled to bronzed, then stewed down in a as hot as you can stand it homemade Jerk Sauce.",Payment,Authentic by Zee,,,,ea,2
4/12/2018,12:20:07,Eastern Time (US & Canada),None,Curry chicken,1,Regular,,,$6.50 ,$0.00 ,$6.50 ,$0.32 ,DNuChBr5oqot2eIg7toE1x0eV,t4Hz2zZX4PuoOCifHqfBLQB,,,Payment,Authentic by Zee,,,,ea,1
4/12/2018,12:19:43,Eastern Time (US & Canada),None,Chicken Fajitas,1,Regular,1,,$6.00 ,$0.00 ,$6.00 ,$0.30 ,XLksV6YiJzS1lF2Hu0dE1wseV,G2xzoTBlCQumQ6odWhVxFyMF,,,Payment,Authentic by Zee,,NH7TDT7NZS7CCS6CHSK2FNKWC8,,ea,1
4/12/2018,12:18:40,Eastern Time (US & Canada),None,Jerk Chicken,1,Regular,,,$6.50 ,$0.00 ,$6.50 ,$0.32 ,xKrp8sfuNfpOfPT5c4o0HzieV,FCQcIdNcK40CiK5DuNWnKQB,,"Grilled to bronzed, then stewed down in a as hot as you can stand it homemade Jerk Sauce.",Payment,Authentic by Zee,,,,ea,1
4/12/2018,12:18:40,Eastern Time (US & Canada),None,Pineapple Passion,1,Regular,,,$2.00 ,$0.00 ,$2.00 ,$0.10 ,xKrp8sfuNfpOfPT5c4o0HzieV,FCQcIdNcK40CiK5DuNWnKQB,,Served with fresh Cut Pineapples and Strawberries,Payment,Authentic by Zee,,,,ea,1
4/12/2018,12:17:05,Eastern Time (US & Canada),None,Curry chicken,1,Regular,,,$6.50 ,$0.00 ,$6.50 ,$0.32 ,Rw6DAudeAL3l9ARBSiVY2h6eV,7fxMW8sWhbzr2R7dP317KQB,,,Payment,Authentic by Zee,,,,ea,1
4/12/2018,12:17:05,Eastern Time (US & Canada),None,Pineapple Passion,1,Regular,,,$2.00 ,$0.00 ,$2.00 ,$0.10 ,Rw6DAudeAL3l9ARBSiVY2h6eV,7fxMW8sWhbzr2R7dP317KQB,,Served with fresh Cut Pineapples and Strawberries,Payment,Authentic by Zee,,,,ea,1
4/12/2018,12:15:52,Eastern Time (US & Canada),None,Curry chicken,1,Regular,,,$6.50 ,$0.00 ,$6.50 ,$0.32 ,n30F0h132qbpXE5l6wvnoV6eV,bP9OyLCZha7THqN886VELQB,,,Payment,Authentic by Zee,,,,ea,1
4/12/2018,12:13:45,Eastern Time (US & Canada),None,Oxtail,1,Regular,,,$14.00 ,$0.00 ,$14.00 ,$0.70 ,l4fCA3lb8Fpn0dX0UJX8sKseV,l0X3yKP6AZPkW9KW4RKjLQB,,,Payment,Authentic by Zee,,,,ea,1
4/12/2018,12:12:47,Eastern Time (US & Canada),None,Jerk Chicken,1,Regular,,,$6.50 ,$0.00 ,$6.50 ,$0.32 ,fjCkESUvji2JGD4nQaAObcjeV,7ffPIi6rvvAQwimD3QfgLQB,,"Grilled to bronzed, then stewed down in a as hot as you can stand it homemade Jerk Sauce.",Payment,Authentic by Zee,,,,ea,1
4/12/2018,12:11:25,Eastern Time (US & Canada),None,Oxtail,1,Regular,,,$14.00 ,$0.00 ,$14.00 ,$0.70 ,3lt8eZBQY3u7d0vlfwbZcpweV,VspibsITQOHuDuujpKJ3KQB,,,Payment,Authentic by Zee,,,,ea,1
4/12/2018,12:11:25,Eastern Time (US & Canada),None,Pineapple Passion,1,Regular,,,$2.00 ,$0.00 ,$2.00 ,$0.10 ,3lt8eZBQY3u7d0vlfwbZcpweV,VspibsITQOHuDuujpKJ3KQB,,Served with fresh Cut Pineapples and Strawberries,Payment,Authentic by Zee,,,,ea,1
4/7/2018,20:28:45,Eastern Time (US & Canada),None,Jerk Chicken,1,Regular,,,$6.50 ,$0.00 ,$6.50 ,$0.32 ,nFlERT8frTxe7k18vFzaEIjeV,vzCMH3bRCqLqgq2h0c3bLQB,,"Grilled to bronzed, then stewed down in a as hot as you can stand it homemade Jerk Sauce.",Payment,Authentic by Zee,,,,ea,1
4/7/2018,20:28:45,Eastern Time (US & Canada),Beef,Short Ribs,1,Regular,,,$8.50 ,$0.00 ,$8.50 ,$0.43 ,nFlERT8frTxe7k18vFzaEIjeV,vzCMH3bRCqLqgq2h0c3bLQB,,,Payment,Authentic by Zee,,,,ea,1
4/7/2018,20:28:45,Eastern Time (US & Canada),None,Custom Amount,1,,,,$5.00 ,$0.00 ,$5.00 ,$0.25 ,nFlERT8frTxe7k18vFzaEIjeV,vzCMH3bRCqLqgq2h0c3bLQB,,,Payment,Authentic by Zee,,,,ea,1
4/7/2018,12:29:32,Eastern Time (US & Canada),None,Tilapia,1,Regular,90,,$7.75 ,$0.00 ,$7.75 ,$0.93 ,xUUPcPBiniOoqlKcp1RDctxeV,DDjTFUCwR7bvGumdUsK3JQB,,"Sauteed Tilapia with bell peppers, onion and a tomato basil gravey",Payment,Authentic by Zee,,,,ea,1
4/7/2018,12:29:32,Eastern Time (US & Canada),None,Banana Pudding,1,Regular,,,$3.00 ,$0.00 ,$3.00 ,$0.36 ,xUUPcPBiniOoqlKcp1RDctxeV,DDjTFUCwR7bvGumdUsK3JQB,,"Ripe Banana, layered with Vanilla Pudding and fluffy cool Whip, with vanilla wafer crackers that'll have your mouth saying ""more please!""",Payment,Authentic by Zee,,,,ea,1
4/6/2018,11:08:01,Eastern Time (US & Canada),Beef,Short Ribs,2,Regular,,,$17.00 ,$0.00 ,$17.00 ,$0.85 ,90XeEsEAZWPyM95StCLXwKzeV,71i5Vd6OacvwphDLvovtKQB,,,Payment,Authentic by Zee,,,,ea,2
4/6/2018,11:08:01,Eastern Time (US & Canada),Dessert,'Nana Pudding,2,Pan,,,$12.00 ,$0.00 ,$12.00 ,$0.60 ,90XeEsEAZWPyM95StCLXwKzeV,71i5Vd6OacvwphDLvovtKQB,,,Payment,Authentic by Zee,,,,ea,2
4/6/2018,11:08:01,Eastern Time (US & Canada),None,Curry chicken,1,Regular,,,$6.50 ,$0.00 ,$6.50 ,$0.33 ,90XeEsEAZWPyM95StCLXwKzeV,71i5Vd6OacvwphDLvovtKQB,,,Payment,Authentic by Zee,,,,ea,1
4/4/2018,13:31:47,Eastern Time (US & Canada),None,Custom Amount,1,,,,$16.95 ,$0.00 ,$16.95 ,$0.85 ,l6iNRj6BSChMBvYe4rSDzTkeV,MwT76LRD9V7grhqCEAMdgsMF,,,Payment,Authentic by Zee,,JTN89TNA416BGTS5XKCN3EHTDR,,ea,1
4/4/2018,12:49:06,Eastern Time (US & Canada),None,Custom Amount,1,,,,$35.45 ,$0.00 ,$35.45 ,$1.77 ,FgnSTo8Kdzsjgwc7FkwDucveV,9uCbfM8CMIMlqhUfai4SLQB,,,Payment,Authentic by Zee,,,,ea,1
4/4/2018,11:24:19,Eastern Time (US & Canada),None,Custom Amount,1,,,,$10.00 ,$0.00 ,$10.00 ,$0.50 ,5o0b0vNhpu3xawwka24C2e0eV,ST4G670fdxmQnSlovwdkIuMF,,,Payment,Authentic by Zee,,V78QSHEBPD046P5PSSV6XHX6Q0,,ea,1
4/4/2018,11:24:19,Eastern Time (US & Canada),None,Custom Amount,1,,,,$10.00 ,$0.00 ,$10.00 ,$0.50 ,5o0b0vNhpu3xawwka24C2e0eV,ST4G670fdxmQnSlovwdkIuMF,,,Payment,Authentic by Zee,,V78QSHEBPD046P5PSSV6XHX6Q0,,ea,1
4/3/2018,16:17:43,Eastern Time (US & Canada),Dessert,'Nana Pudding,2,Pan,,,$12.00 ,$0.00 ,$12.00 ,$0.60 ,Juzdx5KLcOMyRUwSoQ1Q5V2eV,Ja7YgCFlaznlcMpa91NeKQB,,,Payment,Authentic by Zee,,,,ea,2
4/3/2018,16:17:43,Eastern Time (US & Canada),None,Curry chicken,2,Regular,,,$13.00 ,$0.00 ,$13.00 ,$0.65 ,Juzdx5KLcOMyRUwSoQ1Q5V2eV,Ja7YgCFlaznlcMpa91NeKQB,,,Payment,Authentic by Zee,,,,ea,2
4/3/2018,16:17:43,Eastern Time (US & Canada),Beef,Short Ribs,2,Regular,,,$17.00 ,$0.00 ,$17.00 ,$0.85 ,Juzdx5KLcOMyRUwSoQ1Q5V2eV,Ja7YgCFlaznlcMpa91NeKQB,,,Payment,Authentic by Zee,,,,ea,2
4/3/2018,16:17:43,Eastern Time (US & Canada),None,Tilapia,2,Regular,90,,$15.50 ,$0.00 ,$15.50 ,$0.78 ,Juzdx5KLcOMyRUwSoQ1Q5V2eV,Ja7YgCFlaznlcMpa91NeKQB,,"Sauteed Tilapia with bell peppers, onion and a tomato basil gravey",Payment,Authentic by Zee,,,,ea,2
3/31/2018,13:26:51,Eastern Time (US & Canada),None,Oxtail,1,Regular,,,$14.00 ,$0.00 ,$14.00 ,$0.70 ,DdgDfbMsqv4haXAgdiGlvhseV,hYkge30BpPPz84lDUZITKQB,,,Payment,Authentic by Zee,,,,ea,1
3/31/2018,11:57:47,Eastern Time (US & Canada),None,Curry chicken,1,Regular,,,$6.50 ,$0.00 ,$6.50 ,$0.32 ,fBJcM7c4HreqnOgHkVv0m76eV,xKVsVjoJDvmAqDsax2WBLQB,,,Payment,Authentic by Zee,,,,ea,1
3/30/2018,16:45:41,Eastern Time (US & Canada),None,BBQ Chicken,1,Regular,,,$6.00 ,$0.00 ,$6.00 ,$0.30 ,ThOvJptRifGPfJf1hSk84tveV,54YnFe859ZatOmierXZHKQB,,"Rice & Beans , Mac",Payment,Authentic by Zee,,,,ea,1
3/30/2018,16:45:41,Eastern Time (US & Canada),None,Curry chicken,1,Regular,,,$6.50 ,$0.00 ,$6.50 ,$0.33 ,ThOvJptRifGPfJf1hSk84tveV,54YnFe859ZatOmierXZHKQB,,Plantain and Rice& Beans,Payment,Authentic by Zee,,,,ea,1
3/30/2018,16:45:41,Eastern Time (US & Canada),None,Tilapia,1,Regular,90,,$7.00 ,$0.00 ,$7.00 ,$0.35 ,ThOvJptRifGPfJf1hSk84tveV,54YnFe859ZatOmierXZHKQB,,"Rice & Beans, and Plantain",Payment,Authentic by Zee,,,,ea,1
3/30/2018,16:45:41,Eastern Time (US & Canada),None,Authentic Mango Punch,2,Regular,,,$4.00 ,$0.00 ,$4.00 ,$0.20 ,ThOvJptRifGPfJf1hSk84tveV,54YnFe859ZatOmierXZHKQB,,,Payment,Authentic by Zee,,,,ea,2
3/30/2018,16:45:41,Eastern Time (US & Canada),None,Pineapple Passion,1,Regular,91,,$2.00 ,$0.00 ,$2.00 ,$0.10 ,ThOvJptRifGPfJf1hSk84tveV,54YnFe859ZatOmierXZHKQB,,,Payment,Authentic by Zee,,,,ea,1
3/30/2018,16:45:41,Eastern Time (US & Canada),None,CORNBREAD CASSEROLE ,1,Regular,,,$2.00 ,$0.00 ,$2.00 ,$0.10 ,ThOvJptRifGPfJf1hSk84tveV,54YnFe859ZatOmierXZHKQB,,,Payment,Authentic by Zee,,,,ea,1
3/30/2018,16:45:29,Eastern Time (US & Canada),None,Beef Combination,1,Regular,,,$14.00 ,$0.00 ,$14.00 ,$0.70 ,HlPpB8g3HKu90nDkcUWeYHleV,z5CxObkG55sMggNgaCVqKQB,,Mac & Cabbage,Payment,Authentic by Zee,,,,ea,1
3/30/2018,16:45:29,Eastern Time (US & Canada),None,Jerk Chicken,1,Dark,5,,$5.00 ,$0.00 ,$5.00 ,$0.25 ,HlPpB8g3HKu90nDkcUWeYHleV,z5CxObkG55sMggNgaCVqKQB,,Rice,Payment,Authentic by Zee,,,,ea,1
3/30/2018,16:45:29,Eastern Time (US & Canada),None,Rice,1,Regular,,,$2.00 ,$0.00 ,$2.00 ,$0.10 ,HlPpB8g3HKu90nDkcUWeYHleV,z5CxObkG55sMggNgaCVqKQB,,Long grain White Jasmine Rice with Negro Black beans,Payment,Authentic by Zee,,,,ea,1
3/30/2018,16:45:18,Eastern Time (US & Canada),None,Chicken combinations,1,Regular,,,$10.50 ,$0.00 ,$10.50 ,$0.52 ,xEwLHoIGLYrN3B5fgVrrJJjeV,77TWgDde9qeA73Z1sqaYLQB,,Mac & Cabbage,Payment,Authentic by Zee,,,,ea,1
3/30/2018,16:45:18,Eastern Time (US & Canada),None,Home Squeezed Lemonade,1,Regular,,,$1.50 ,$0.00 ,$1.50 ,$0.08 ,xEwLHoIGLYrN3B5fgVrrJJjeV,77TWgDde9qeA73Z1sqaYLQB,,"Hand Squeezed Lemons, sweetened to your delight",Payment,Authentic by Zee,,,,ea,1
3/30/2018,16:45:18,Eastern Time (US & Canada),None,Banana Pudding,1,Regular,,,$3.00 ,$0.00 ,$3.00 ,$0.15 ,xEwLHoIGLYrN3B5fgVrrJJjeV,77TWgDde9qeA73Z1sqaYLQB,,"Ripe Banana, layered with Vanilla Pudding and fluffy cool Whip, with vanilla wafer crackers that'll have your mouth saying ""more please!""",Payment,Authentic by Zee,,,,ea,1
3/30/2018,16:45:02,Eastern Time (US & Canada),None,Jerk Chicken,1,Regular,,,$6.50 ,$0.00 ,$6.50 ,$0.32 ,NKw7WGCdlTWWJdXMsHzjnuxeV,L39opPlmnXisQU8mo2v6JQB,,Dbl Cornbread,Payment,Authentic by Zee,,,,ea,1
3/30/2018,16:44:50,Eastern Time (US & Canada),None,Jerk Chicken,1,Regular,,,$6.50 ,$0.00 ,$6.50 ,$0.32 ,9kLcECfKkkxtR9jeLpRPc0oeV,tCANIyMZUMUF3FC1wTqELQB,,Cornbread& Cabbage,Payment,Authentic by Zee,,,,ea,1
3/30/2018,16:44:39,Eastern Time (US & Canada),None,Curry chicken,1,Regular,,,$6.50 ,$0.00 ,$6.50 ,$0.32 ,j7V0GcaZjpAxFucwvFsDWUyeV,piZbjBEGelP1Hbj2830zJQB,,Mac & Rice & Beans,Payment,Authentic by Zee,,,,ea,1
3/30/2018,16:44:39,Eastern Time (US & Canada),None,Authentic Mango Punch,1,Regular,,,$2.00 ,$0.00 ,$2.00 ,$0.10 ,j7V0GcaZjpAxFucwvFsDWUyeV,piZbjBEGelP1Hbj2830zJQB,,,Payment,Authentic by Zee,,,,ea,1
3/28/2018,12:37:38,Eastern Time (US & Canada),None,Pineapple Passion,1,Regular,,,$2.00 ,$0.00 ,$2.00 ,$0.10 ,lo9vv8vpOBRuJuPpaEMl5v7eV,hw8ec4kJfioktMAkhXuGLQB,,Served with fresh Cut Pineapples and Strawberries,Payment,Authentic by Zee,,,,ea,1
3/28/2018,12:37:38,Eastern Time (US & Canada),None,Curry chicken,1,Regular,,,$6.50 ,$0.00 ,$6.50 ,$0.33 ,lo9vv8vpOBRuJuPpaEMl5v7eV,hw8ec4kJfioktMAkhXuGLQB,,,Payment,Authentic by Zee,,,,ea,1
3/28/2018,12:37:38,Eastern Time (US & Canada),None,Banana Pudding,1,Regular,,,$3.00 ,$0.00 ,$3.00 ,$0.15 ,lo9vv8vpOBRuJuPpaEMl5v7eV,hw8ec4kJfioktMAkhXuGLQB,,"Ripe Banana, layered with Vanilla Pudding and fluffy cool Whip, with vanilla wafer crackers that'll have your mouth saying ""more please!""",Payment,Authentic by Zee,,,,ea,1
3/24/2018,13:06:47,Eastern Time (US & Canada),None,Banana Pudding,1,Regular,,,$3.00 ,$0.00 ,$3.00 ,$0.15 ,JcY62CAhWyDeqpqCH0tj3a7eV,DJjUO7DWKa3O2VZ5yz0ZlyMF,,"Ripe Banana, layered with Vanilla Pudding and fluffy cool Whip, with vanilla wafer crackers that'll have your mouth saying ""more please!""",Payment,Authentic by Zee,,ZBT5SA1TYS5WEX27ZTGPH9SQX8,,ea,1
3/24/2018,13:06:47,Eastern Time (US & Canada),None,Lemonade,1,Regular,10,,$1.50 ,$0.00 ,$1.50 ,$0.08 ,JcY62CAhWyDeqpqCH0tj3a7eV,DJjUO7DWKa3O2VZ5yz0ZlyMF,,,Payment,Authentic by Zee,,ZBT5SA1TYS5WEX27ZTGPH9SQX8,,ea,1
3/24/2018,13:06:47,Eastern Time (US & Canada),None,Jerk Chicken,1,Regular,,,$6.50 ,$0.00 ,$6.50 ,$0.32 ,JcY62CAhWyDeqpqCH0tj3a7eV,DJjUO7DWKa3O2VZ5yz0ZlyMF,,"Grilled to bronzed, then stewed down in a as hot as you can stand it homemade Jerk Sauce.",Payment,Authentic by Zee,,ZBT5SA1TYS5WEX27ZTGPH9SQX8,,ea,1
3/23/2018,13:51:38,Eastern Time (US & Canada),None,BBQ Chicken,2,Regular,,,$12.00 ,$0.00 ,$12.00 ,$0.60 ,ZgkPLhorwtgiVM0TZntTEzqeV,XJJbNbgMjyIbRaAglk0bLQB,,,Payment,Authentic by Zee,,,,ea,2
3/18/2018,17:41:02,Eastern Time (US & Canada),None,Oxtail,2,Regular,,,$28.00 ,$0.00 ,$28.00 ,$1.40 ,pomQ3fqAKqJNsmlXmPtwQLseV,3m60x3TJRQDGoIfKEVcGNzMF,,,Payment,Authentic by Zee,,26W3X1N0410XB3SPJ9J73EGBPG,,ea,2
3/18/2018,17:41:02,Eastern Time (US & Canada),None,Custom Amount,1,,,,$10.00 ,$0.00 ,$10.00 ,$0.00 ,pomQ3fqAKqJNsmlXmPtwQLseV,3m60x3TJRQDGoIfKEVcGNzMF,,Shipping,Payment,Authentic by Zee,,26W3X1N0410XB3SPJ9J73EGBPG,,ea,1
3/13/2018,10:39:33,Eastern Time (US & Canada),None,BBQ Chicken,1,Whole Pan (White),,,$115.00 ,$0.00 ,$115.00 ,$5.75 ,NonzuRa0EIlO3ShLkluxB79eV,uJA9xP7W6ZqDHbjkI4Gp4xMF,,,Payment,Authentic by Zee,,6R806AK3V95C0SK03NMEQ83GT8,,ea,1
3/13/2018,10:39:33,Eastern Time (US & Canada),None,Baked Mac,1,Whole Pan,,,$60.00 ,$0.00 ,$60.00 ,$3.00 ,NonzuRa0EIlO3ShLkluxB79eV,uJA9xP7W6ZqDHbjkI4Gp4xMF,,"Creamy Mac & Cheese mixed with ground beef, sauteed with onions and green and red bell peppers, seasoned to perfection an baked golden brown.",Payment,Authentic by Zee,,6R806AK3V95C0SK03NMEQ83GT8,,ea,1
3/11/2018,17:24:52,Eastern Time (US & Canada),None,Jerk Chicken,1,White,4,,$6.50 ,$0.00 ,$6.50 ,$0.00 ,pgeGlwQnH6efgyOy3atuqt3eV,M8Gy28H1en4DorrKckiHUsMF,,,Payment,Authentic by Zee,,MCZS4Q82WS68AM8J61ZCHCMSE8,,ea,1
3/11/2018,17:24:52,Eastern Time (US & Canada),None,Custom Amount,1,,,,$16.50 ,$0.00 ,$16.50 ,$0.00 ,pgeGlwQnH6efgyOy3atuqt3eV,M8Gy28H1en4DorrKckiHUsMF,,,Payment,Authentic by Zee,,MCZS4Q82WS68AM8J61ZCHCMSE8,,ea,1
3/11/2018,17:19:07,Eastern Time (US & Canada),None,Jerk Chicken,1,White,4,,$6.50 ,$0.00 ,$6.50 ,$0.00 ,flTEo6EDzk3n53nGGI2sghAfV,20bu2q2w2OiSnnbwFYkflvMF,,,Payment,Authentic by Zee,,KQZGFQXK89512N7VWXDXATDNF4,,ea,1
3/11/2018,17:19:07,Eastern Time (US & Canada),None,Curry Chicken,1,Regular,2,,$5.00 ,$0.00 ,$5.00 ,$0.00 ,flTEo6EDzk3n53nGGI2sghAfV,20bu2q2w2OiSnnbwFYkflvMF,,,Payment,Authentic by Zee,,KQZGFQXK89512N7VWXDXATDNF4,,ea,1
3/11/2018,17:16:37,Eastern Time (US & Canada),None,Wings,1,Jerk,84,,$6.00 ,$0.00 ,$6.00 ,$0.00 ,rJoBxmjsfv1MCXLosnw9jl6eV,Nt6ocL8LSc2Hm5i3tuAEftMF,,,Payment,Authentic by Zee,,TNWRDXHR9D2RWRMYYK9XHX6BZG,,ea,1
3/11/2018,17:16:37,Eastern Time (US & Canada),None,Chicken Fajitas,1,Regular,1,,$6.00 ,$0.00 ,$6.00 ,$0.00 ,rJoBxmjsfv1MCXLosnw9jl6eV,Nt6ocL8LSc2Hm5i3tuAEftMF,,,Payment,Authentic by Zee,,TNWRDXHR9D2RWRMYYK9XHX6BZG,,ea,1
3/11/2018,12:56:14,Eastern Time (US & Canada),None,Custom Amount,1,,,,$1.00 ,$0.00 ,$1.00 ,$0.00 ,b1qJPINT8Uuhk661t3idCK9eV,G11EDrTan7LOF8q59BVASzMF,,,Payment,Authentic by Zee,,6BTC7HHWRH0MAWNTD434PVP8DG,,ea,1
3/9/2018,23:27:33,Eastern Time (US & Canada),None,Baked Mac,2,1/2 Pan,,,$70.00 ,$0.00 ,$70.00 ,$0.00 ,jXjQUYQewdC8LDXzHbhDh7veV,8oOCdBHzIYcjhkbyaopEtxMF,,"Creamy Mac & Cheese mixed with ground beef, sauteed with onions and green and red bell peppers, seasoned to perfection an baked golden brown.",Payment,Authentic by Zee,,63Q4KYGZD9389C90KNYX2PYQ2G,,ea,2
1/19/2018,17:30:33,Eastern Time (US & Canada),None,Custom Amount,1,,,,$1.00 ,$0.00 ,$1.00 ,$0.00 ,9WIue5uNWAXnbE7iEzAddVieV,Y0KrE02r4ErL2MTHnA5xnvMF,,,Payment,Authentic by Zee,,,,ea,1
12/17/2019,13:21:42,Eastern Time (US & Canada),Chicken,4 Item Warm Bar,1,Regular,,,$150.00 ,$0.00 ,$150.00 ,$18.00 ,ZmDjcM8jmLSSwf9GPmaWoWfeV,sbstNkuDjZMJKBTgYyF0ZyMF,,"This Combination would include 2 chicken meats of any flavor, and 2 side items.",Payment,Authentic by Zee,,3JE1AFZEBD2C2SJ4H7JWC99XBG,,ea,1
12/6/2019,15:23:46,Eastern Time (US & Canada),Chicken,4 Item Warm Bar,1,Regular,,,$150.00 ,$0.00 ,$150.00 ,$18.00 ,XdFAPpudBEfb1oO38YyKwrleV,r6IaNhmN1Eb2GVx8msGXSvMF,,"This Combination would include 2 chicken meats of any flavor, and 2 side items.",Payment,Authentic by Zee,,3JE1AFZEBD2C2SJ4H7JWC99XBG,,ea,1
12/6/2019,15:23:46,Eastern Time (US & Canada),Drinks,Refreshment Package,1,Regular,,,$20.00 ,$0.00 ,$20.00 ,$2.40 ,XdFAPpudBEfb1oO38YyKwrleV,r6IaNhmN1Eb2GVx8msGXSvMF,,Drinks and snacks for any meeting. Serves 10-12 people.,Payment,Authentic by Zee,,3JE1AFZEBD2C2SJ4H7JWC99XBG,,ea,1
11/21/2019,14:09:25,Eastern Time (US & Canada),None,Custom Amount,1,,,,$10.00 ,$0.00 ,$10.00 ,$0.50 ,fpB4tbZwVn5xpRESSr66axoeV,AVjtUzMsix1rsCR26MjGisMF,,,Payment,Authentic by Zee,,0WW95GE41H5J8Y59JVHDC9FCR0,,ea,1
11/16/2019,16:44:53,Eastern Time (US & Canada),Beef,4 item Hot Bar,1,Regular,,,$190.00 ,$0.00 ,$190.00 ,$22.80 ,f7UJBmtup7bE63QMOCbQ6kAfV,oLvnm2mIrw11wgD9IVgGBzMF,,"Any 2 meat items chicken or beef, and 2 side items.",Payment,Authentic by Zee,,3JE1AFZEBD2C2SJ4H7JWC99XBG,,ea,1
11/16/2019,16:44:53,Eastern Time (US & Canada),Drinks,Refreshment Package,1,Regular,,,$20.00 ,$0.00 ,$20.00 ,$2.40 ,f7UJBmtup7bE63QMOCbQ6kAfV,oLvnm2mIrw11wgD9IVgGBzMF,,Drinks and snacks for any meeting. Serves 10-12 people.,Payment,Authentic by Zee,,3JE1AFZEBD2C2SJ4H7JWC99XBG,,ea,1
11/10/2019,13:21:36,Eastern Time (US & Canada),Beef,Oxtail,1,Regular,,,$14.00 ,$0.00 ,$14.00 ,$1.68 ,ZYM7owBWDpqgEUMm6AoBN8xeV,UQvgiG5KnhX8t4AxWNWn5wMF,,,Payment,Authentic by Zee,,SP0TN5QG0N0B4GFCRBGQAPCGPG,,ea,1
11/9/2019,13:43:37,Eastern Time (US & Canada),Chicken,Wing Meal,1,Regular,,,$9.50 ,$0.00 ,$9.50 ,$1.14 ,rxeYa1r9DQUoOUJq9QZtNmneV,d9p3ysc4YjZepVvOUwgVssMF,,6 Wings and 2 side items,Payment,Authentic by Zee,,8DGE5DKW4X6BRQX491QQATE8G8,,ea,1
11/9/2019,13:42:39,Eastern Time (US & Canada),Chicken,Wing Meal,2,Regular,,,$19.00 ,$0.00 ,$19.00 ,$2.28 ,VgXgT9dmQpzSYGirwvkKKtfeV,vdBV42ZXizWEwSuE6cpCusMF,,6 Wings and 2 side items,Payment,Authentic by Zee,,SP0TN5QG0N0B4GFCRBGQAPCGPG,,ea,2
11/1/2019,15:38:33,Eastern Time (US & Canada),Beef,4 item Hot Bar,1,Regular,,,$190.00 ,$0.00 ,$190.00 ,$22.80 ,hUu41wRVfoUX1tM1YiJL5j8eV,LTBozg6en23svFwq3YeiExMF,,"Any 2 meat items chicken or beef, and 2 side items.",Payment,Authentic by Zee,,NY2J7WCTK94P3AH8KNXT6NM02W,,ea,1
10/26/2019,12:18:24,Eastern Time (US & Canada),Chicken,4 Item Warm Bar,1,Regular,,,$150.00 ,$0.00 ,$150.00 ,$18.00 ,L1ub82zx3uCf69UqYayoNyjeV,Bd3MBrabO1QjVGEE4rx7KzMF,,"This Combination would include 2 chicken meats of any flavor, and 2 side items.",Payment,Authentic by Zee,,1QBJXQR9K106JVQ0H2DPPMF878,,ea,1
10/25/2019,13:20:30,Eastern Time (US & Canada),Chicken,4 Item Warm Bar,1,Regular,,,$150.00 ,$0.00 ,$150.00 ,$18.00 ,xAat7b2WJQoBTjVj5EsyBajeV,PnydAZEkw1ThUTRT0L0JpwMF,,"This Combination would include 2 chicken meats of any flavor, and 2 side items.",Payment,Authentic by Zee,,NY2J7WCTK94P3AH8KNXT6NM02W,,ea,1
10/25/2019,13:20:30,Eastern Time (US & Canada),Drinks,Refreshment Package,1,Regular,,,$20.00 ,$0.00 ,$20.00 ,$2.40 ,xAat7b2WJQoBTjVj5EsyBajeV,PnydAZEkw1ThUTRT0L0JpwMF,,Drinks and snacks for any meeting. Serves 10-12 people.,Payment,Authentic by Zee,,NY2J7WCTK94P3AH8KNXT6NM02W,,ea,1
10/24/2019,11:49:44,Eastern Time (US & Canada),Beef,Oxtail,1,Regular,,,$14.00 ,$0.00 ,$14.00 ,$1.68 ,H9FqZfP0qowRsNVYbzIFzCxeV,CbmmddVIHwBK80X0TZiqIvMF,,,Payment,Authentic by Zee,,SP0TN5QG0N0B4GFCRBGQAPCGPG,,ea,1
10/22/2019,15:02:17,Eastern Time (US & Canada),Chicken,BBQ Chicken,2,Regular,,,$12.00 ,$0.00 ,$12.00 ,$1.44 ,xgQOKPgtcd7jd5EfnbHg2b8eV,puVYSuji53erI8U8KqfCKQB,,"Grilled Leg Quarters, stewed in HFCS Free BBQ sauce. 
Single plates are served with 2 side items of your choice.
Pans are served for catering events, typically with parties of 10 or more.",Payment,Authentic by Zee,,8E9G7ENRRX5QQ6KEYC5D3S6SVR,,ea,2
10/22/2019,15:02:17,Eastern Time (US & Canada),Chicken,Jerk Chicken,2,Regular,,,$15.00 ,$0.00 ,$15.00 ,$1.80 ,xgQOKPgtcd7jd5EfnbHg2b8eV,puVYSuji53erI8U8KqfCKQB,,Juicy Grilled Leg Quarters steamed down in the perfect sweet and Spicy sauce!,Payment,Authentic by Zee,,8E9G7ENRRX5QQ6KEYC5D3S6SVR,,ea,2
10/22/2019,15:02:17,Eastern Time (US & Canada),None,Lemon Cilantro Chicken,1,Regular,,,$8.00 ,$0.00 ,$8.00 ,$0.96 ,xgQOKPgtcd7jd5EfnbHg2b8eV,puVYSuji53erI8U8KqfCKQB,,,Payment,Authentic by Zee,,8E9G7ENRRX5QQ6KEYC5D3S6SVR,,ea,1
10/19/2019,16:52:17,Eastern Time (US & Canada),None,Custom Amount,1,,,,$8.00 ,$0.00 ,$8.00 ,$0.40 ,nZP4p6yTE24QnR6eTboTYB2eV,eNuH3tpb3GxpMABR5UqoKzMF,,,Payment,Authentic by Zee,,V1WNTXT7P165TGCYJHWH0CG21G,,ea,1
10/19/2019,16:52:17,Eastern Time (US & Canada),None,Custom Amount,1,,,,$8.00 ,$0.00 ,$8.00 ,$0.40 ,nZP4p6yTE24QnR6eTboTYB2eV,eNuH3tpb3GxpMABR5UqoKzMF,,,Payment,Authentic by Zee,,V1WNTXT7P165TGCYJHWH0CG21G,,ea,1
10/19/2019,16:46:53,Eastern Time (US & Canada),None,Custom Amount,1,,,,$9.00 ,$0.00 ,$9.00 ,$0.45 ,fNDieXfajBwxPyyhHCXYhMyeV,rM1QRfegtoFsmC64D6C8KwMF,,,Payment,Authentic by Zee,,SP0TN5QG0N0B4GFCRBGQAPCGPG,,ea,1
10/18/2019,13:25:05,Eastern Time (US & Canada),Drinks,Refreshment Package,1,Regular,,,$20.00 ,$0.00 ,$20.00 ,$2.40 ,FY591nLgqDeoDKO6Xb5uGlieV,baNOVd24QdPnokujwsBs6xMF,,Drinks and snacks for any meeting. Serves 10-12 people.,Payment,Authentic by Zee,,NY2J7WCTK94P3AH8KNXT6NM02W,,ea,1
10/18/2019,13:25:05,Eastern Time (US & Canada),Beef,4 item Hot Bar,1,Regular,,,$190.00 ,$0.00 ,$190.00 ,$22.80 ,FY591nLgqDeoDKO6Xb5uGlieV,baNOVd24QdPnokujwsBs6xMF,,"Any 2 meat items chicken or beef, and 2 side items.",Payment,Authentic by Zee,,NY2J7WCTK94P3AH8KNXT6NM02W,,ea,1
10/18/2019,13:25:05,Eastern Time (US & Canada),Dessert,Banana Pudding,1,Regular,,,$3.00 ,$0.00 ,$3.00 ,$0.36 ,FY591nLgqDeoDKO6Xb5uGlieV,baNOVd24QdPnokujwsBs6xMF,,"Ripe Banana, layered with Vanilla Pudding and fluffy cool Whip, with vanilla wafer crackers that'll have your mouth saying ""more please!""",Payment,Authentic by Zee,,NY2J7WCTK94P3AH8KNXT6NM02W,,ea,1
10/12/2019,16:18:26,Eastern Time (US & Canada),Chicken,Wing Meal,1,Regular,,,$9.50 ,$0.00 ,$9.50 ,$1.14 ,fZpcx6VCDGb2CCzeI4iDo27eV,jsAgNsCBJ5BeZeymJ4BERzMF,,6 Wings and 2 side items,Payment,Authentic by Zee,,KTE7FEG8F511TGB9NP1N7PYGD4,,ea,1
10/12/2019,15:59:21,Eastern Time (US & Canada),None,Custom Amount,1,,,,$6.00 ,$0.00 ,$6.00 ,$0.30 ,VgZ3GpvZvSUxVCKEuujrvekeV,ItBLgYdR67N51YS1p6JiMvMF,,,Payment,Authentic by Zee,,YKDP0MF49D290K8MS7M9086CBG,,ea,1
10/12/2019,15:59:21,Eastern Time (US & Canada),None,Custom Amount,1,,,,$8.50 ,$0.00 ,$8.50 ,$0.42 ,VgZ3GpvZvSUxVCKEuujrvekeV,ItBLgYdR67N51YS1p6JiMvMF,,,Payment,Authentic by Zee,,YKDP0MF49D290K8MS7M9086CBG,,ea,1
10/11/2019,13:06:40,Eastern Time (US & Canada),Beef,Oxtail,2,Regular,,,$28.00 ,$0.00 ,$28.00 ,$3.36 ,PNVR4ISUQZqQ93exPTjR6AweV,r5Iz90Px49vchRd6HpIMXzMF,,,Payment,Authentic by Zee,,SP0TN5QG0N0B4GFCRBGQAPCGPG,,ea,2
10/11/2019,12:33:36,Eastern Time (US & Canada),Drinks,Refreshment Package,1,Regular,,,$20.00 ,$0.00 ,$20.00 ,$2.40 ,l4FvptvwVxcM68ZKHugxF2teV,SDLEoDGm66jXcSqFijSacsMF,,Drinks and snacks for any meeting. Serves 10-12 people.,Payment,Authentic by Zee,,NY2J7WCTK94P3AH8KNXT6NM02W,,ea,1
10/11/2019,12:33:36,Eastern Time (US & Canada),Beef,4 item Hot Bar,1,Regular,,,$190.00 ,$0.00 ,$190.00 ,$22.80 ,l4FvptvwVxcM68ZKHugxF2teV,SDLEoDGm66jXcSqFijSacsMF,,"Any 2 meat items chicken or beef, and 2 side items.",Payment,Authentic by Zee,,NY2J7WCTK94P3AH8KNXT6NM02W,,ea,1
10/5/2019,14:33:07,Eastern Time (US & Canada),None,Custom Amount,1,,,,$8.00 ,$0.00 ,$8.00 ,$0.40 ,tqsr9iFTyCU4ZbemFzmSgzAfV,ZDlcEDzIMGvLEgoU86EFFvMF,,,Payment,Authentic by Zee,,ZBV8PKPGPX5W4Z69W1KX1HKT3W,,ea,1
10/5/2019,14:33:07,Eastern Time (US & Canada),None,Custom Amount,1,,,,$7.80 ,$0.00 ,$7.80 ,$0.39 ,tqsr9iFTyCU4ZbemFzmSgzAfV,ZDlcEDzIMGvLEgoU86EFFvMF,,,Payment,Authentic by Zee,,ZBV8PKPGPX5W4Z69W1KX1HKT3W,,ea,1
9/30/2019,13:37:09,Eastern Time (US & Canada),None,Pan Curry (Mixed),1,Regular,,,$230.00 ,($117.67),$112.33 ,$13.48 ,1olDAPqcPU8xbrnV97uJr6eeV,EWrO7EgF55zK9q45vBbsoyMF,,,Payment,Authentic by Zee,,BY1NM9FSHS08WPYZWNG2GCW6RG,,ea,1
9/30/2019,13:37:09,Eastern Time (US & Canada),None,Rice & Peas,1,Regular,,,$95.00 ,($48.61),$46.39 ,$5.57 ,1olDAPqcPU8xbrnV97uJr6eeV,EWrO7EgF55zK9q45vBbsoyMF,,,Payment,Authentic by Zee,,BY1NM9FSHS08WPYZWNG2GCW6RG,,ea,1
9/30/2019,13:37:09,Eastern Time (US & Canada),Sides,Cabbage,1,Whole Pan,71,,$45.00 ,($23.02),$21.98 ,$2.64 ,1olDAPqcPU8xbrnV97uJr6eeV,EWrO7EgF55zK9q45vBbsoyMF,,,Payment,Authentic by Zee,,BY1NM9FSHS08WPYZWNG2GCW6RG,,ea,1
9/30/2019,13:37:09,Eastern Time (US & Canada),Sides,Baked Mac,1,Whole Pan,,,$60.00 ,($30.70),$29.30 ,$0.00 ,1olDAPqcPU8xbrnV97uJr6eeV,EWrO7EgF55zK9q45vBbsoyMF,,"Creamy Mac & Cheese mixed with ground beef, sauteed with onions and green and red bell peppers, seasoned to perfection an baked golden brown.",Payment,Authentic by Zee,,BY1NM9FSHS08WPYZWNG2GCW6RG,,ea,1
9/28/2019,12:14:00,Eastern Time (US & Canada),Chicken,Wing Meal,1,Regular,,,$9.50 ,$0.00 ,$9.50 ,$1.14 ,79YAWoN8X0DIphAGdvPUA9oeV,VzesYgjzYFfsNm4htt1cSsMF,,6 Wings and 2 side items,Payment,Authentic by Zee,,3D9S2PT3H92CMVRVVG3CRRC1VR,,ea,1
9/26/2019,13:22:22,Eastern Time (US & Canada),Chicken,Curry chicken,1,Regular,,,$6.50 ,$0.00 ,$6.50 ,$0.78 ,RkMZ73YIWW8usMfAYa6oOC7eV,LmUb9o7y4NkljhQNVtlKWzMF,,"Single plates are served with 2 side items of you choice.
Pans are served for catering events, typically for parties of 10 or more.",Payment,Authentic by Zee,,VXB4TJB3457DGPV8SHXGGVJD50,,ea,1
9/26/2019,13:22:22,Eastern Time (US & Canada),Beef,Oxtail,1,Regular,,,$14.00 ,$0.00 ,$14.00 ,$1.68 ,RkMZ73YIWW8usMfAYa6oOC7eV,LmUb9o7y4NkljhQNVtlKWzMF,,,Payment,Authentic by Zee,,VXB4TJB3457DGPV8SHXGGVJD50,,ea,1
9/26/2019,13:09:36,Eastern Time (US & Canada),Chicken,Curry chicken,1,Regular,,,$6.50 ,$0.00 ,$6.50 ,$0.78 ,dq0pDudTVPbVUmkfmTlRThqeV,IFTPBE2gmHsEQm1495rzUwMF,,"Single plates are served with 2 side items of you choice.
Pans are served for catering events, typically for parties of 10 or more.",Payment,Authentic by Zee,,BFV9H37Q4H5NGZFE20DSA6G5Y0,,ea,1
9/26/2019,13:09:06,Eastern Time (US & Canada),Chicken,Curry chicken,1,Regular,,,$6.50 ,$0.00 ,$6.50 ,$0.78 ,ZGpuou4xowO9WJx8e9fqCJveV,LDu4TrL6JW9PH1LaXiQf0sMF,,"Single plates are served with 2 side items of you choice.
Pans are served for catering events, typically for parties of 10 or more.",Payment,Authentic by Zee,,SP0TN5QG0N0B4GFCRBGQAPCGPG,,ea,1
9/26/2019,13:05:22,Eastern Time (US & Canada),Beef,Oxtail,1,Regular,,,$14.00 ,$0.00 ,$14.00 ,$1.68 ,tG6pOvh538CFIilUh95QmKueV,TeY163VolgtPtn4IeUgVhsMF,,,Payment,Authentic by Zee,,SP0TN5QG0N0B4GFCRBGQAPCGPG,,ea,1
9/26/2019,13:05:22,Eastern Time (US & Canada),Chicken,Curry chicken,1,Regular,,,$6.50 ,$0.00 ,$6.50 ,$0.78 ,tG6pOvh538CFIilUh95QmKueV,TeY163VolgtPtn4IeUgVhsMF,,"Single plates are served with 2 side items of you choice.
Pans are served for catering events, typically for parties of 10 or more.",Payment,Authentic by Zee,,SP0TN5QG0N0B4GFCRBGQAPCGPG,,ea,1
9/26/2019,13:05:22,Eastern Time (US & Canada),None,Custom Amount,1,,,,$2.50 ,$0.00 ,$2.50 ,$0.13 ,tG6pOvh538CFIilUh95QmKueV,TeY163VolgtPtn4IeUgVhsMF,,,Payment,Authentic by Zee,,SP0TN5QG0N0B4GFCRBGQAPCGPG,,ea,1
9/25/2019,12:13:55,Eastern Time (US & Canada),None,Custom Amount,1,,,,$8.20 ,$0.00 ,$8.20 ,$0.41 ,hGzqz0Pj7f5OzKJKBHcLAcleV,bnyT1H7PS69rg0CJDLWsxvMF,,,Payment,Authentic by Zee,,H77G18J0Z52X6SZG3YNDXTWVK8,,ea,1
9/25/2019,12:13:55,Eastern Time (US & Canada),None,Custom Amount,1,,,,$2.50 ,$0.00 ,$2.50 ,$0.12 ,hGzqz0Pj7f5OzKJKBHcLAcleV,bnyT1H7PS69rg0CJDLWsxvMF,,,Payment,Authentic by Zee,,H77G18J0Z52X6SZG3YNDXTWVK8,,ea,1
9/25/2019,12:13:55,Eastern Time (US & Canada),None,Custom Amount,1,,,,$3.00 ,$0.00 ,$3.00 ,$0.15 ,hGzqz0Pj7f5OzKJKBHcLAcleV,bnyT1H7PS69rg0CJDLWsxvMF,,,Payment,Authentic by Zee,,H77G18J0Z52X6SZG3YNDXTWVK8,,ea,1
9/24/2019,16:58:25,Eastern Time (US & Canada),Chicken,Curry chicken,1,Regular,,,$6.50 ,$0.00 ,$6.50 ,$0.78 ,LrDUKKTGynHRFkeffXgdOq5eV,n6nOFcan308opG0IZzh5DtMF,,"Single plates are served with 2 side items of you choice.
Pans are served for catering events, typically for parties of 10 or more.",Payment,Authentic by Zee,,H77G18J0Z52X6SZG3YNDXTWVK8,,ea,1
9/24/2019,15:20:56,Eastern Time (US & Canada),Chicken,Curry chicken,1,Regular,,,$6.50 ,$0.00 ,$6.50 ,$0.00 ,5MOxLcW7kw7ESLjjd8amV4heV,7h4ErWt8U9X5pQPspvrqlyMF,,"Single plates are served with 2 side items of you choice.
Pans are served for catering events, typically for parties of 10 or more.",Payment,Authentic by Zee,,H77G18J0Z52X6SZG3YNDXTWVK8,,ea,1
9/24/2019,15:20:56,Eastern Time (US & Canada),None,Custom Amount,1,,,,$2.00 ,$0.00 ,$2.00 ,$0.00 ,5MOxLcW7kw7ESLjjd8amV4heV,7h4ErWt8U9X5pQPspvrqlyMF,,,Payment,Authentic by Zee,,H77G18J0Z52X6SZG3YNDXTWVK8,,ea,1
9/22/2019,19:56:18,Eastern Time (US & Canada),None,Custom Amount,1,,,,$200.00 ,$0.00 ,$200.00 ,$0.00 ,lWu2yPVKYjt5mQGSamPYbMxeV,58qlq74HnOKIbrU9Qzr3jyMF,,,Payment,Authentic by Zee,,BY1NM9FSHS08WPYZWNG2GCW6RG,,ea,1
9/6/2019,13:26:16,Eastern Time (US & Canada),Beef,4 item Hot Bar,1,Regular,,,$190.00 ,$0.00 ,$190.00 ,$0.00 ,vhpWqwZYkgYFc61usImN9bteV,TEtw48GLDXq0jpVviMXqOtMF,,"Any 2 meat items chicken or beef, and 2 side items.",Payment,Authentic by Zee,,3JE1AFZEBD2C2SJ4H7JWC99XBG,,ea,1
9/6/2019,13:26:16,Eastern Time (US & Canada),Drinks,Refreshment Package,1,Regular,,,$20.00 ,$0.00 ,$20.00 ,$0.00 ,vhpWqwZYkgYFc61usImN9bteV,TEtw48GLDXq0jpVviMXqOtMF,,Drinks and snacks for any meeting. Serves 10-12 people.,Payment,Authentic by Zee,,3JE1AFZEBD2C2SJ4H7JWC99XBG,,ea,1
8/30/2019,12:34:05,Eastern Time (US & Canada),Chicken,4 Item Warm Bar,1,Regular,,,$150.00 ,$0.00 ,$150.00 ,$18.00 ,lsNWVvTPWBr3bCO4ehU4BrveV,76ruSdGBxUGV6gH92wsGgxMF,,"This Combination would include 2 chicken meats of any flavor, and 2 side items.",Payment,Authentic by Zee,,3JE1AFZEBD2C2SJ4H7JWC99XBG,,ea,1
8/30/2019,12:34:05,Eastern Time (US & Canada),Drinks,Refreshment Package,1,Regular,,,$20.00 ,$0.00 ,$20.00 ,$2.40 ,lsNWVvTPWBr3bCO4ehU4BrveV,76ruSdGBxUGV6gH92wsGgxMF,,Drinks and snacks for any meeting. Serves 10-12 people.,Payment,Authentic by Zee,,3JE1AFZEBD2C2SJ4H7JWC99XBG,,ea,1
8/24/2019,11:26:56,Eastern Time (US & Canada),Chicken,Wing Meal,1,Regular,,,$9.50 ,$0.00 ,$9.50 ,$1.14 ,vfkGbAbfZgh2S3YRRtXyHxreV,DWOsRCHpEK2TQ8CuIHQS4tMF,,6 Wings and 2 side items,Payment,Authentic by Zee,,TB67HBDVVS2NAQ3RBM2FH4QAHW,,ea,1
8/24/2019,11:14:52,Eastern Time (US & Canada),Chicken,Wings,1,Regular,,,$5.75 ,$0.00 ,$5.75 ,$0.69 ,dqEJlrehTuBQReyPLuTbYd5eV,L1E19cpTTTHIEqDFctuSRtMF,,,Payment,Authentic by Zee,,4H8BH8STMN070R93MKY08JGJYG,,ea,1
8/24/2019,11:14:03,Eastern Time (US & Canada),Chicken,Wings,3,Regular,,,$17.25 ,$0.00 ,$17.25 ,$2.07 ,fJpYlA05QI4RiF4T2DqUgB2eV,2vgobuOSPQiBDico7jVHYsMF,,,Payment,Authentic by Zee,,CJ65AFD9C14RJRNYCBD4H2ER90,,ea,3
8/24/2019,11:12:48,Eastern Time (US & Canada),None,Custom Amount,1,,,,$10.00 ,$0.00 ,$10.00 ,$0.50 ,fZLxhfWrnpscAo7nMohsFhyeV,FU40kjM3x1MpfFPJrPQiUzMF,,,Payment,Authentic by Zee,,28ESB07A1N5WEZ28R0S2H6RHP4,,ea,1
8/24/2019,11:12:48,Eastern Time (US & Canada),None,Custom Amount,1,,,,$3.50 ,$0.00 ,$3.50 ,$0.18 ,fZLxhfWrnpscAo7nMohsFhyeV,FU40kjM3x1MpfFPJrPQiUzMF,,,Payment,Authentic by Zee,,28ESB07A1N5WEZ28R0S2H6RHP4,,ea,1
8/24/2019,11:11:32,Eastern Time (US & Canada),None,Custom Amount,1,,,,$3.50 ,$0.00 ,$3.50 ,$0.18 ,dMfWlHZlhy6g5xFzyFNNxf6eV,YRQbMIqnbRvVEJrv43vVtyMF,,,Payment,Authentic by Zee,,MVHN15E2W92R2V53BJXQEX8694,,ea,1
8/24/2019,11:11:32,Eastern Time (US & Canada),Sides,Rice,2,Regular,,,$4.00 ,$0.00 ,$4.00 ,$0.48 ,dMfWlHZlhy6g5xFzyFNNxf6eV,YRQbMIqnbRvVEJrv43vVtyMF,,Long grain White Jasmine Rice with Negro Black beans,Payment,Authentic by Zee,,MVHN15E2W92R2V53BJXQEX8694,,ea,2
8/24/2019,11:10:20,Eastern Time (US & Canada),None,Custom Amount,1,,,,$10.00 ,$0.00 ,$10.00 ,$0.50 ,3xNfnovvPMcZGduEzG0TcM7eV,PFLRlaQZbXH0PjVBKIOR0vMF,,,Payment,Authentic by Zee,,DK1MQE8T5S3HAJ8YBCGRJ7CSJG,,ea,1
8/24/2019,11:10:00,Eastern Time (US & Canada),Chicken,Jerk Chicken,1,Regular,,,$7.50 ,$0.00 ,$7.50 ,$0.90 ,RqTNszoVgH9n6hTwPWlfkl1eV,7Gyt2j4YhYpCPpv34vmhyyMF,,Juicy Grilled Leg Quarters steamed down in the perfect sweet and Spicy sauce!,Payment,Authentic by Zee,,8E204R5D1D1N6QSGYEKRW92WWR,,ea,1
8/24/2019,11:08:29,Eastern Time (US & Canada),Chicken,Jerk Chicken,1,Regular,,,$7.50 ,$0.00 ,$7.50 ,$0.90 ,fVbetsmVGrzkkB8iZ1Zpee5eV,CGTMHNHVkAC5FDePHzHBazMF,,Juicy Grilled Leg Quarters steamed down in the perfect sweet and Spicy sauce!,Payment,Authentic by Zee,,RKPQB4BXT5246JSAB7486RCC7R,,ea,1
8/24/2019,11:07:07,Eastern Time (US & Canada),Chicken,Wing Meal,1,Regular,,,$9.50 ,$0.00 ,$9.50 ,$1.14 ,lmwxpROrKKkbEhmuDGLowdleV,K3fqZ119Hy7fgEO6PWtdOvMF,,6 Wings and 2 side items,Payment,Authentic by Zee,,AZAEEY2HD538WRQDHETGQ656AW,,ea,1
8/24/2019,11:06:51,Eastern Time (US & Canada),Chicken,Wings,1,Regular,,,$5.75 ,$0.00 ,$5.75 ,$0.69 ,7pkzyM1WUdMvWXOsLgsjVn6eV,pzBj8lmGjQCowwQzQLcdpzMF,,,Payment,Authentic by Zee,,FBTXMMEDG10A4Y4727QGPBGBQC,,ea,1
8/23/2019,12:49:56,Eastern Time (US & Canada),Chicken,4 Item Warm Bar,1,Regular,,,$150.00 ,$0.00 ,$150.00 ,$18.00 ,jt07YwsxHu356tYb70N4je3eV,t608DjPhaliyhxHt7ivAmyMF,,"This Combination would include 2 chicken meats of any flavor, and 2 side items.",Payment,Authentic by Zee,,3JE1AFZEBD2C2SJ4H7JWC99XBG,,ea,1
8/23/2019,12:49:56,Eastern Time (US & Canada),Drinks,Refreshment Package,1,Regular,,,$20.00 ,$0.00 ,$20.00 ,$2.40 ,jt07YwsxHu356tYb70N4je3eV,t608DjPhaliyhxHt7ivAmyMF,,Drinks and snacks for any meeting. Serves 10-12 people.,Payment,Authentic by Zee,,3JE1AFZEBD2C2SJ4H7JWC99XBG,,ea,1
8/22/2019,12:00:49,Eastern Time (US & Canada),Chicken,Chicken Fajitas,1,Regular,,,$7.50 ,$0.00 ,$7.50 ,$0.90 ,dc7iKH8f7Wq4cTMc7N8enW4eV,69Qjqbirxd7sweh9XEUShuMF,,"Chicken Breast grilled and cut up served on a flour tortilla, with seared bell peppers and onions with just the right amount of Cheesy goodness !",Payment,Authentic by Zee,,RJCX7J897D7SEPSVA0W9BNXMBW,,ea,1
8/22/2019,11:23:06,Eastern Time (US & Canada),Chicken,Wing Meal,1,Regular,,,$9.50 ,$0.00 ,$9.50 ,$1.14 ,3NXPqb8LAXpgcCWGY9s7CNyeV,as9QoxVhvp8RSKAYxfRWCwMF,,6 Wings and 2 side items,Payment,Authentic by Zee,,MVHN15E2W92R2V53BJXQEX8694,,ea,1
8/22/2019,11:08:50,Eastern Time (US & Canada),None,Custom Amount,1,,,,$10.00 ,$0.00 ,$10.00 ,$0.50 ,9S0rxJepkjtwDr8NzXzZVn3eV,qrUCneRFhnInoDEdbBVAFzMF,,,Payment,Authentic by Zee,,DK1MQE8T5S3HAJ8YBCGRJ7CSJG,,ea,1
8/22/2019,11:08:28,Eastern Time (US & Canada),Chicken,Wings,1,Regular,,,$5.75 ,$0.00 ,$5.75 ,$0.69 ,dmMq1e31boDy4MvaomiN2iueV,X87Vv3eI2I7IdKp9IvGOQtMF,,,Payment,Authentic by Zee,,4H8BH8STMN070R93MKY08JGJYG,,ea,1
8/22/2019,11:07:41,Eastern Time (US & Canada),Chicken,Wing Meal,1,Regular,,,$9.50 ,$0.00 ,$9.50 ,$1.14 ,vZ5az4mYDakvztO9O33uyQxeV,e2JiaRFAa2T0dmm6Ro9QUzMF,,6 Wings and 2 side items,Payment,Authentic by Zee,,YQ2P9SAN4966CT6XA5JGFDF28W,,ea,1
8/20/2019,20:00:47,Eastern Time (US & Canada),Chicken,Grilled Chicken Salad,1,Regular,,,$8.50 ,$0.00 ,$8.50 ,$1.02 ,VamlZTwqzsSPMYb4eHyputweV,n3efczjaHZnpIjJiITUfHvMF,,,Payment,Authentic by Zee,,DK1MQE8T5S3HAJ8YBCGRJ7CSJG,,ea,1
8/20/2019,12:51:20,Eastern Time (US & Canada),Chicken,Grilled Chicken Salad,1,Regular,,,$8.50 ,$0.00 ,$8.50 ,$0.00 ,pAWGVlkebzyvFUbcawuypkreV,vPakqFNcwcibaPoZbZv3EuMF,,,Payment,Authentic by Zee,,1ZF13XEPN50ZTW3CC45HAF9RW0,,ea,1
8/20/2019,12:51:20,Eastern Time (US & Canada),Chicken,Wings,1,Regular,,,$5.75 ,$0.00 ,$5.75 ,$0.00 ,pAWGVlkebzyvFUbcawuypkreV,vPakqFNcwcibaPoZbZv3EuMF,,,Payment,Authentic by Zee,,1ZF13XEPN50ZTW3CC45HAF9RW0,,ea,1
8/20/2019,11:42:39,Eastern Time (US & Canada),None,Custom Amount,1,,,,$5.25 ,$0.00 ,$5.25 ,$0.00 ,JcKPCl2jrimaHInum5bLdr8eV,92RuQUqsm5lvXubGH6FIkzMF,,,Payment,Authentic by Zee,,VXVT548H4N542MH76NJJSGQ79M,,ea,1
8/18/2019,17:29:57,Eastern Time (US & Canada),None,Custom Amount,1,,,,$24.00 ,$0.00 ,$24.00 ,$0.00 ,JggZoCBWuusC1Nd5aS9F69geV,feCFRei82LRVLZhz2dotktMF,,,Payment,Authentic by Zee,,YKDP0MF49D290K8MS7M9086CBG,,ea,1
8/18/2019,14:18:43,Eastern Time (US & Canada),None,Custom Amount,1,,,,$30.00 ,$0.00 ,$30.00 ,$0.00 ,TJy3DU4EwNyWCg3Ou7FazVneV,U7YDAySXKM9V3fUVc0JmrxMF,,,Payment,Authentic by Zee,,DK1MQE8T5S3HAJ8YBCGRJ7CSJG,,ea,1
8/18/2019,13:05:42,Eastern Time (US & Canada),None,Custom Amount,1,,,,$40.00 ,$0.00 ,$40.00 ,$0.00 ,b77IVFlSDaJjK2QrPEOWIQfeV,ZvNEmIMRuAxYbbTg59mKqzMF,,,Payment,Authentic by Zee,,6PCQ8RN3DS69YHTEZ16BEQ996W,,ea,1
8/18/2019,12:30:39,Eastern Time (US & Canada),None,Custom Amount,1,,,,$22.00 ,$0.00 ,$22.00 ,$0.00 ,PJvbWC1B2aCwu5hD6o3SXkxeV,wRDMsBS0qcmPxEdxCFJivzMF,,,Payment,Authentic by Zee,,3XWFHX6S254TEGW6S39VEC5ANM,,ea,1
8/18/2019,11:34:56,Eastern Time (US & Canada),None,Custom Amount,1,,,,$30.00 ,$0.00 ,$30.00 ,$0.00 ,1w9toVFnRgjakW9VJlkF8LpeV,zcz875VhyVTavUdSZkMPKxMF,,,Payment,Authentic by Zee,,D2ZBWXGSM9446KF33HMAK5A9NM,,ea,1
8/17/2019,11:45:27,Eastern Time (US & Canada),Chicken,Chicken Fajitas,1,Regular,,,$7.50 ,$0.00 ,$7.50 ,$0.90 ,vxtEC4JiQRKt7Okaq7paBG0eV,L6yVUqexERkNFvTQQWcu8yMF,,"Chicken Breast grilled and cut up served on a flour tortilla, with seared bell peppers and onions with just the right amount of Cheesy goodness !",Payment,Authentic by Zee,,RJCX7J897D7SEPSVA0W9BNXMBW,,ea,1
8/17/2019,11:21:15,Eastern Time (US & Canada),Chicken,Wings,1,Regular,,,$5.75 ,$0.00 ,$5.75 ,$0.69 ,1MxgYvA34nRTH7Of1xb1uGzeV,jPgz9E1U4PRmvmMY2xEgUsMF,,,Payment,Authentic by Zee,,9927X2TWFH2BRZZ5TZT6GFB4VC,,ea,1
8/17/2019,11:15:53,Eastern Time (US & Canada),Chicken,Wings,1,Regular,,,$5.75 ,$0.00 ,$5.75 ,$0.69 ,vr6eZdkpjKtl6bkzaVG38yoeV,cEv9OC0zAeKJ23193vO6AvMF,,,Payment,Authentic by Zee,,45GZ6NBGGN5MAMACHF1F6BT9N4,,ea,1
8/17/2019,11:15:32,Eastern Time (US & Canada),Sides,Rice,2,Regular,,,$4.00 ,$0.00 ,$4.00 ,$0.48 ,RUSOcEIGp3xtmygoEzyPTwheV,5smFMPtE8eeNfzczgG4AbuMF,,Long grain White Jasmine Rice with Negro Black beans,Payment,Authentic by Zee,,MVHN15E2W92R2V53BJXQEX8694,,ea,2
8/17/2019,11:15:32,Eastern Time (US & Canada),None,Custom Amount,1,,,,$3.50 ,$0.00 ,$3.50 ,$0.18 ,RUSOcEIGp3xtmygoEzyPTwheV,5smFMPtE8eeNfzczgG4AbuMF,,,Payment,Authentic by Zee,,MVHN15E2W92R2V53BJXQEX8694,,ea,1
8/17/2019,11:14:29,Eastern Time (US & Canada),Chicken,Wings,1,Regular,,,$5.75 ,$0.00 ,$5.75 ,$0.69 ,FKmzHF9ll9hBkQ3y2YkWfkpeV,Y1t1s53YZeVp6K70tpQmQvMF,,,Payment,Authentic by Zee,,4H8BH8STMN070R93MKY08JGJYG,,ea,1
8/17/2019,11:14:00,Eastern Time (US & Canada),Chicken,BBQ Chicken,1,Regular,,,$6.00 ,$0.00 ,$6.00 ,$0.72 ,D7ZWEyMQoabe5AIQ061upBqeV,SY01MjYOfzI9QWK0wEZtgxMF,,"Grilled Leg Quarters, stewed in HFCS Free BBQ sauce. 
Single plates are served with 2 side items of your choice.
Pans are served for catering events, typically with parties of 10 or more.",Payment,Authentic by Zee,,RKPQB4BXT5246JSAB7486RCC7R,,ea,1
8/17/2019,11:13:12,Eastern Time (US & Canada),Chicken,Grilled Chicken Salad,1,Regular,,,$8.50 ,$0.00 ,$8.50 ,$1.02 ,d8tZneVHnmBDQt24SI3dRI9eV,VTnJGlL70pqgVEHReQMXswMF,,,Payment,Authentic by Zee,,DK1MQE8T5S3HAJ8YBCGRJ7CSJG,,ea,1
8/17/2019,11:12:37,Eastern Time (US & Canada),Chicken,Wing Meal,1,Regular,,,$9.50 ,$0.00 ,$9.50 ,$1.14 ,jXHuk9GnOpPRY97mhCKVXfseV,PmpDFU9bFtZzSuWC6H56XtMF,,6 Wings and 2 side items,Payment,Authentic by Zee,,F13TNZK76568CGJTEFP7EXAK0G,,ea,1
8/17/2019,11:11:28,Eastern Time (US & Canada),Chicken,Chicken Fajitas,1,Regular,,,$7.50 ,$0.00 ,$7.50 ,$0.90 ,how0Pd3QAI2nA4OF3viWHLjeV,7jAFWPr7WxN2gNQGK1dkIvMF,,"Chicken Breast grilled and cut up served on a flour tortilla, with seared bell peppers and onions with just the right amount of Cheesy goodness !",Payment,Authentic by Zee,,YQ2P9SAN4966CT6XA5JGFDF28W,,ea,1
8/17/2019,11:11:08,Eastern Time (US & Canada),Chicken,Wings,1,Regular,,,$5.75 ,$0.00 ,$5.75 ,$0.69 ,DDHPwLwiL7sOWFuF8XdnJseeV,1zePmexEMAUajBes1WIudwMF,,,Payment,Authentic by Zee,,8E204R5D1D1N6QSGYEKRW92WWR,,ea,1
8/17/2019,11:11:08,Eastern Time (US & Canada),Chicken,Chicken Fajitas,1,Regular,,,$7.50 ,$0.00 ,$7.50 ,$0.90 ,DDHPwLwiL7sOWFuF8XdnJseeV,1zePmexEMAUajBes1WIudwMF,,"Chicken Breast grilled and cut up served on a flour tortilla, with seared bell peppers and onions with just the right amount of Cheesy goodness !",Payment,Authentic by Zee,,8E204R5D1D1N6QSGYEKRW92WWR,,ea,1
8/17/2019,11:10:36,Eastern Time (US & Canada),Chicken,Wing Meal,1,Regular,,,$9.50 ,$0.00 ,$9.50 ,$1.14 ,x6t4fhwm1czG2K1Rnyf9WfzeV,YQ2zQPr2pJav49tIDYucKtMF,,6 Wings and 2 side items,Payment,Authentic by Zee,,9F793K97YH00WX4VQMYZ9T3F20,,ea,1
8/17/2019,11:09:18,Eastern Time (US & Canada),Chicken,Wings,1,Regular,,,$5.75 ,$0.00 ,$5.75 ,$0.69 ,Revme2kWFAnfc0Mjvb7TmlseV,F6XBbvV6g3Pf9ccXc83DvyMF,,,Payment,Authentic by Zee,,8H16HWYMW17H4NDMVV6S6EA75R,,ea,1
8/17/2019,11:08:21,Eastern Time (US & Canada),Chicken,Wing Meal,1,Regular,,,$9.50 ,$0.00 ,$9.50 ,$1.14 ,V8vLEu6AkFITpHG4W5Y6xn1eV,OMldzchNMXfMU2FlttPDpyMF,,6 Wings and 2 side items,Payment,Authentic by Zee,,E12FMFV4PD4REZADJ08RR205GR,,ea,1
8/15/2019,12:11:34,Eastern Time (US & Canada),Chicken,4 Item Warm Bar,1,Regular,,,$150.00 ,$0.00 ,$150.00 ,$18.00 ,BQIMOmVAhhrUqEAHLoPhjOxeV,4czyIceZvoiwCfEkP8H6FtMF,,"This Combination would include 2 chicken meats of any flavor, and 2 side items.",Payment,Authentic by Zee,,3JE1AFZEBD2C2SJ4H7JWC99XBG,,ea,1
8/15/2019,12:11:34,Eastern Time (US & Canada),Drinks,Refreshment Package,1,Regular,,,$20.00 ,$0.00 ,$20.00 ,$2.40 ,BQIMOmVAhhrUqEAHLoPhjOxeV,4czyIceZvoiwCfEkP8H6FtMF,,Drinks and snacks for any meeting. Serves 10-12 people.,Payment,Authentic by Zee,,3JE1AFZEBD2C2SJ4H7JWC99XBG,,ea,1
8/15/2019,11:54:57,Eastern Time (US & Canada),Chicken,Chicken Fajitas,1,Regular,,,$7.50 ,$0.00 ,$7.50 ,$0.90 ,JsKfCmh542HIXAcSKujS56veV,iLS94nNKpo4soo7b9cSzNuMF,,"Chicken Breast grilled and cut up served on a flour tortilla, with seared bell peppers and onions with just the right amount of Cheesy goodness !",Payment,Authentic by Zee,,7EMNPP4QSD354GR9HMYR1B2YJG,,ea,1
8/15/2019,11:19:25,Eastern Time (US & Canada),Chicken,Wing Meal,1,Regular,,,$9.50 ,$0.00 ,$9.50 ,$1.14 ,9YtCL7av8mmoBPhSTLAID11eV,ZaIv40JCWF9Q1aMB5tpJXtMF,,6 Wings and 2 side items,Payment,Authentic by Zee,,3D9S2PT3H92CMVRVVG3CRRC1VR,,ea,1
8/15/2019,11:10:10,Eastern Time (US & Canada),Chicken,Wings,1,Regular,,,$5.75 ,$0.00 ,$5.75 ,$0.69 ,5Wx6GHuzxUnKWSp2xmessq2eV,gkM2sOc2YJI4hRkJcSFGExMF,,,Payment,Authentic by Zee,,4H8BH8STMN070R93MKY08JGJYG,,ea,1
8/15/2019,11:06:14,Eastern Time (US & Canada),Chicken,Grilled Chicken Salad,1,Regular,,,$8.50 ,$0.00 ,$8.50 ,$1.02 ,p0AOzSXsbBX5PWX79Fpg1E6eV,mmoWMoICUeUM3gsMWNQnztMF,,,Payment,Authentic by Zee,,DK1MQE8T5S3HAJ8YBCGRJ7CSJG,,ea,1
8/15/2019,11:05:54,Eastern Time (US & Canada),Chicken,Chicken Fajitas,1,Regular,,,$7.50 ,$0.00 ,$7.50 ,$0.90 ,ftrwh2yEnAsd0LakEK9qPhheV,JoJ88zIIesGmvEnnUe8SGuMF,,"Chicken Breast grilled and cut up served on a flour tortilla, with seared bell peppers and onions with just the right amount of Cheesy goodness !",Payment,Authentic by Zee,,FWNXRDJK3D5P5DKVDEE97A7EHC,,ea,1
8/15/2019,11:05:01,Eastern Time (US & Canada),Chicken,Chicken Fajitas,1,Regular,,,$7.50 ,$0.00 ,$7.50 ,$0.90 ,9s7KkgVmliZuTz2iLuKpdn4eV,0oMRcjYVX60Oi8WzUqpKNtMF,,"Chicken Breast grilled and cut up served on a flour tortilla, with seared bell peppers and onions with just the right amount of Cheesy goodness !",Payment,Authentic by Zee,,HCXBDJ5A4X3JRV86RBG3W4W8H4,,ea,1
8/15/2019,11:04:34,Eastern Time (US & Canada),Chicken,Wing Meal,1,Regular,,,$9.50 ,$0.00 ,$9.50 ,$1.14 ,3ncveO9O4LOeMzgFbUy1gKAfV,n42tu1W3AOVvxClb8iVMkzMF,,6 Wings and 2 side items,Payment,Authentic by Zee,,VRBA3Z8W7S1BPM4VCGFW6RQCV8,,ea,1
8/15/2019,11:02:59,Eastern Time (US & Canada),Chicken,Wings,1,Regular,,,$5.75 ,$0.00 ,$5.75 ,$0.69 ,Pjqyw1edPGHVBsImmFy4zQ2eV,uQJfmFla3E6HRHHnwxuC6wMF,,,Payment,Authentic by Zee,,28ESB07A1N5WEZ28R0S2H6RHP4,,ea,1
8/15/2019,11:02:59,Eastern Time (US & Canada),Chicken,BBQ Chicken,1,Regular,,,$6.00 ,$0.00 ,$6.00 ,$0.72 ,Pjqyw1edPGHVBsImmFy4zQ2eV,uQJfmFla3E6HRHHnwxuC6wMF,,"Grilled Leg Quarters, stewed in HFCS Free BBQ sauce. 
Single plates are served with 2 side items of your choice.
Pans are served for catering events, typically with parties of 10 or more.",Payment,Authentic by Zee,,28ESB07A1N5WEZ28R0S2H6RHP4,,ea,1
8/15/2019,11:02:11,Eastern Time (US & Canada),Chicken,BBQ Chicken,1,Regular,,,$6.00 ,$0.00 ,$6.00 ,$0.72 ,VwDI88jd7PUqxbnmbEpLjHgeV,ZGjCPdSbdRMLgP4IL59KOtMF,,"Grilled Leg Quarters, stewed in HFCS Free BBQ sauce. 
Single plates are served with 2 side items of your choice.
Pans are served for catering events, typically with parties of 10 or more.",Payment,Authentic by Zee,,9F793K97YH00WX4VQMYZ9T3F20,,ea,1
8/13/2019,11:10:40,Eastern Time (US & Canada),Chicken,Wings,1,Regular,,,$5.75 ,$0.00 ,$5.75 ,$0.69 ,RuHGYTxZnGwPAHR1xWi7y8teV,IwkFfblvXdA4PvvLJoLJCtMF,,,Payment,Authentic by Zee,,MVHN15E2W92R2V53BJXQEX8694,,ea,1
8/13/2019,11:07:55,Eastern Time (US & Canada),Chicken,Grilled Chicken Salad,1,Regular,,,$8.50 ,$0.00 ,$8.50 ,$1.02 ,tyaWoeJQp9yHHvWK5u1SbngeV,MBuAv4taDSpWaCcRK67dovMF,,,Payment,Authentic by Zee,,DK1MQE8T5S3HAJ8YBCGRJ7CSJG,,ea,1
8/13/2019,11:06:10,Eastern Time (US & Canada),Chicken,Grilled Chicken Salad,1,Regular,,,$8.50 ,$0.00 ,$8.50 ,$1.02 ,9OWBNCsD77jJn8gFVKtExBieV,8zyUv9JwK9Eyt3lwnmiAouMF,,,Payment,Authentic by Zee,,4H8BH8STMN070R93MKY08JGJYG,,ea,1
8/13/2019,11:01:20,Eastern Time (US & Canada),Chicken,Wings,1,Regular,,,$5.75 ,$0.00 ,$5.75 ,$0.69 ,FgT6geSo8KFQjNvZQuvi2iheV,l9TDa4ymPq7TXrbmpG8cLzMF,,,Payment,Authentic by Zee,,FKS0ECJGFN5EWQDM9ZM2H3PG64,,ea,1
8/13/2019,11:01:01,Eastern Time (US & Canada),None,Custom Amount,1,,,,$5.75 ,$0.00 ,$5.75 ,$0.29 ,1WkZr6NuIuFAx79mBp4sy7qeV,4sbVWDD6t81GcjFeqmPxSvMF,,,Payment,Authentic by Zee,,FWNXRDJK3D5P5DKVDEE97A7EHC,,ea,1
8/10/2019,11:59:34,Eastern Time (US & Canada),Chicken,Jerk Chicken,1,Regular,,,$7.50 ,$0.00 ,$7.50 ,$0.90 ,pKLmLgVZg7JOz26eeqzKc85eV,hUc72gVuEhIm6MKTnO5ODyMF,,Juicy Grilled Leg Quarters steamed down in the perfect sweet and Spicy sauce!,Payment,Authentic by Zee,,VXVT548H4N542MH76NJJSGQ79M,,ea,1
8/10/2019,11:17:54,Eastern Time (US & Canada),None,Chicken Fajitas,1,Regular,,,$7.50 ,$0.00 ,$7.50 ,$0.90 ,Js8idDyZEzBPeJrbOb02ll3eV,kemqFuwWOmN7DX1pa0Ll0wMF,,"Chicken Breast grilled and cut up served on a flour tortilla, with seared bell peppers and onions with just the right amount of Cheesy goodness !",Payment,Authentic by Zee,,RJCX7J897D7SEPSVA0W9BNXMBW,,ea,1
8/10/2019,11:15:39,Eastern Time (US & Canada),None,Wings,1,Regular,,,$5.75 ,$0.00 ,$5.75 ,$0.69 ,DPHi7JT89CFMdqCyWhNlVB3eV,JPiSnSk3n6S5OuWbpYGL5zMF,,,Payment,Authentic by Zee,,F13TNZK76568CGJTEFP7EXAK0G,,ea,1
8/10/2019,11:11:41,Eastern Time (US & Canada),None,Chicken Fajitas,1,Regular,,,$7.50 ,$0.00 ,$7.50 ,$0.90 ,rz5RwRVAR9lFopnom9NIUBleV,Nqpb7lm9Snp1ZuLnWhDBSzMF,,"Chicken Breast grilled and cut up served on a flour tortilla, with seared bell peppers and onions with just the right amount of Cheesy goodness !",Payment,Authentic by Zee,,9F793K97YH00WX4VQMYZ9T3F20,,ea,1
8/10/2019,11:10:45,Eastern Time (US & Canada),None,Steak FAJITA,1,Regular,,,$9.00 ,$0.00 ,$9.00 ,$1.08 ,r1KTpt8baYxg5K8VYGHHHQ0eV,FABBbcAEgNn8jGO0NVnaAvMF,,,Payment,Authentic by Zee,,E12FMFV4PD4REZADJ08RR205GR,,ea,1
8/8/2019,12:50:54,Eastern Time (US & Canada),Sides,Baked Mac,3,Whole Pan,,,$180.00 ,($90.87),$89.13 ,$10.70 ,3t9w3kiQ1pfwEUzz0UObAWteV,BV1OvqAKzpjlMMdlpsA4jyMF,,"Creamy Mac & Cheese mixed with ground beef, sauteed with onions and green and red bell peppers, seasoned to perfection an baked golden brown.",Payment,Authentic by Zee,,JFXJ2NB7G52674MVRY7YF7DZ3G,,ea,3
8/8/2019,12:50:54,Eastern Time (US & Canada),Chicken,Pan BBQ Chicken,1,Regular,,,$190.00 ,($95.92),$94.08 ,$11.28 ,3t9w3kiQ1pfwEUzz0UObAWteV,BV1OvqAKzpjlMMdlpsA4jyMF,,,Payment,Authentic by Zee,,JFXJ2NB7G52674MVRY7YF7DZ3G,,ea,1
8/8/2019,12:50:54,Eastern Time (US & Canada),Chicken,Pan BBQ Chicken,1,Regular,,,$190.00 ,($95.92),$94.08 ,$11.30 ,3t9w3kiQ1pfwEUzz0UObAWteV,BV1OvqAKzpjlMMdlpsA4jyMF,,,Payment,Authentic by Zee,,JFXJ2NB7G52674MVRY7YF7DZ3G,,ea,1
8/8/2019,12:50:54,Eastern Time (US & Canada),Chicken,Pan BBQ Chicken,1,Regular,,,$190.00 ,($95.93),$94.07 ,$11.28 ,3t9w3kiQ1pfwEUzz0UObAWteV,BV1OvqAKzpjlMMdlpsA4jyMF,,,Payment,Authentic by Zee,,JFXJ2NB7G52674MVRY7YF7DZ3G,,ea,1
8/8/2019,12:50:54,Eastern Time (US & Canada),Chicken,Jerk Chicken,1,Whole Pan,,,$200.00 ,($110.88),$89.12 ,$10.70 ,3t9w3kiQ1pfwEUzz0UObAWteV,BV1OvqAKzpjlMMdlpsA4jyMF,,Juicy Grilled Leg Quarters steamed down in the perfect sweet and Spicy sauce!,Payment,Authentic by Zee,,JFXJ2NB7G52674MVRY7YF7DZ3G,,ea,1
8/8/2019,12:50:54,Eastern Time (US & Canada),Chicken,Jerk Chicken,1,Whole Pan,,,$200.00 ,($110.87),$89.13 ,$10.70 ,3t9w3kiQ1pfwEUzz0UObAWteV,BV1OvqAKzpjlMMdlpsA4jyMF,,Juicy Grilled Leg Quarters steamed down in the perfect sweet and Spicy sauce!,Payment,Authentic by Zee,,JFXJ2NB7G52674MVRY7YF7DZ3G,,ea,1
8/8/2019,12:50:54,Eastern Time (US & Canada),Sides,CORNBREAD CASSEROLE,2,Whole Pan,,,$80.00 ,($40.39),$39.61 ,$4.75 ,3t9w3kiQ1pfwEUzz0UObAWteV,BV1OvqAKzpjlMMdlpsA4jyMF,,,Payment,Authentic by Zee,,JFXJ2NB7G52674MVRY7YF7DZ3G,,ea,2
8/8/2019,12:50:54,Eastern Time (US & Canada),Sides,Cabbage,1,Whole Pan,71,,$45.00 ,($22.72),$22.28 ,$2.67 ,3t9w3kiQ1pfwEUzz0UObAWteV,BV1OvqAKzpjlMMdlpsA4jyMF,,,Payment,Authentic by Zee,,JFXJ2NB7G52674MVRY7YF7DZ3G,,ea,1
8/8/2019,12:17:52,Eastern Time (US & Canada),Chicken,Jerk Chicken,1,Regular,,,$7.50 ,$0.00 ,$7.50 ,$0.90 ,HraBrYE1W6Wrfp4oxW9dM6seV,lH2Tv9LaucIsXojQeuBUetMF,,Juicy Grilled Leg Quarters steamed down in the perfect sweet and Spicy sauce!,Payment,Authentic by Zee,,RJCX7J897D7SEPSVA0W9BNXMBW,,ea,1
8/8/2019,11:44:55,Eastern Time (US & Canada),Chicken,BBQ Chicken,1,Regular,,,$6.00 ,$0.00 ,$6.00 ,$0.72 ,7T1vj1Jydf4fBWSh0Bnygm4eV,rTcNdcNwHKTruwZF89qzvwMF,,"Grilled Leg Quarters, stewed in HFCS Free BBQ sauce. 
Single plates are served with 2 side items of your choice.
Pans are served for catering events, typically with parties of 10 or more.",Payment,Authentic by Zee,,359D7MA13X2VGSZGCNZXVY3Q2R,,ea,1
8/8/2019,11:16:34,Eastern Time (US & Canada),None,Chicken Fajitas,1,Regular,,,$7.50 ,$0.00 ,$7.50 ,$0.90 ,JwO2TlRcF3ciirMCBhHVHlheV,aHvkqOnsd8e6DfvRBDEL7yMF,,"Chicken Breast grilled and cut up served on a flour tortilla, with seared bell peppers and onions with just the right amount of Cheesy goodness !",Payment,Authentic by Zee,,1EF0JSFCX14XVAQ17TARTADCW4,,ea,1
8/8/2019,11:15:04,Eastern Time (US & Canada),Chicken,BBQ Chicken,1,Regular,,,$6.00 ,$0.00 ,$6.00 ,$0.72 ,NU55IKpboBBMZ5ZjeyKD9b9eV,61ALzQd6rEbbbsVo8bg0XvMF,,"Grilled Leg Quarters, stewed in HFCS Free BBQ sauce. 
Single plates are served with 2 side items of your choice.
Pans are served for catering events, typically with parties of 10 or more.",Payment,Authentic by Zee,,8E204R5D1D1N6QSGYEKRW92WWR,,ea,1
8/8/2019,11:13:24,Eastern Time (US & Canada),None,Wing Meal,1,Regular,,,$9.50 ,$0.00 ,$9.50 ,$1.14 ,xwOBIYgLj0ozNs4jiTolRZteV,DlncoF6CVP85yXvmeLQObsMF,,,Payment,Authentic by Zee,,3D9S2PT3H92CMVRVVG3CRRC1VR,,ea,1
8/8/2019,11:12:12,Eastern Time (US & Canada),None,Custom Amount,1,,,,$10.00 ,$0.00 ,$10.00 ,$0.50 ,jvziqvKFFE0kQifyEMLN74reV,u5q1AwsNKtKgLoAy9imf4vMF,,,Payment,Authentic by Zee,,4H8BH8STMN070R93MKY08JGJYG,,ea,1
8/8/2019,11:09:51,Eastern Time (US & Canada),None,Steak FAJITA,1,Regular,,,$9.00 ,$0.00 ,$9.00 ,$1.08 ,tesOREBnhwO2uWsJEqqZ3pyeV,BrGSi4YwfJOeXFFCsc2fkvMF,,,Payment,Authentic by Zee,,28ESB07A1N5WEZ28R0S2H6RHP4,,ea,1
8/6/2019,12:04:42,Eastern Time (US & Canada),None,Custom Amount,1,,,,$5.00 ,$0.00 ,$5.00 ,$0.25 ,NoPZ1qRtTORRLSQFEtJosizeV,5bUej22MNmK6B080OhqCXwMF,,,Payment,Authentic by Zee,,DY678CXZ355F4T8M8B9FQ83N14,,ea,1
8/6/2019,11:56:12,Eastern Time (US & Canada),None,Custom Amount,1,,,,$8.50 ,$0.00 ,$8.50 ,$0.42 ,XlDpllofy3RldkWZW8pStQzeV,4hjon7QrSUP95MpDq83dcvMF,,,Payment,Authentic by Zee,,359D7MA13X2VGSZGCNZXVY3Q2R,,ea,1
8/6/2019,11:12:04,Eastern Time (US & Canada),None,Custom Amount,1,,,,$8.50 ,$0.00 ,$8.50 ,$0.42 ,7rZxGNTGEORgQcjgcqoLcdneV,JbUNlXZGIq9aTpPDuq1NDyMF,,,Payment,Authentic by Zee,,DK1MQE8T5S3HAJ8YBCGRJ7CSJG,,ea,1
8/6/2019,11:11:45,Eastern Time (US & Canada),None,Custom Amount,1,,,,$8.50 ,$0.00 ,$8.50 ,$0.42 ,fxdKSgvUAAwDAPbuF68Wrk6eV,b3V8AuhaMeCNpil1QWLk9tMF,,,Payment,Authentic by Zee,,FKS0ECJGFN5EWQDM9ZM2H3PG64,,ea,1
8/4/2019,15:12:37,Eastern Time (US & Canada),None,Wing Meal,1,Regular,,,$9.50 ,$0.00 ,$9.50 ,$1.14 ,B2DMgic7zussEFV0ssvUgZoeV,lf3aZUrFuG8NtAOd2QAd3vMF,,,Payment,Authentic by Zee,,E0RA4W2T7N0HCMG6SAFDW726X0,,ea,1
8/3/2019,12:13:00,Eastern Time (US & Canada),Chicken,Jerk Chicken,1,Regular,,,$7.50 ,$0.00 ,$7.50 ,$0.90 ,b123HSzkmfglpBOl7gOBAu6eV,0q5xEN4CFuPUJqdukXqqpyMF,,Juicy Grilled Leg Quarters steamed down in the perfect sweet and Spicy sauce!,Payment,Authentic by Zee,,3D9S2PT3H92CMVRVVG3CRRC1VR,,ea,1
8/3/2019,11:45:03,Eastern Time (US & Canada),Chicken,BBQ Chicken,1,Regular,,,$6.00 ,$0.00 ,$6.00 ,$0.72 ,nRBLTdEnhwgRpeainETXqzAfV,Qawrotr8EsqeM4SaXoKUPuMF,,"Grilled Leg Quarters, stewed in HFCS Free BBQ sauce. 
Single plates are served with 2 side items of your choice.
Pans are served for catering events, typically with parties of 10 or more.",Payment,Authentic by Zee,,7EMNPP4QSD354GR9HMYR1B2YJG,,ea,1
8/3/2019,11:43:42,Eastern Time (US & Canada),None,Wings,1,Jerk Wing Meal,86,,$7.25 ,$0.00 ,$7.25 ,$0.87 ,X9DZeWlHVSQwu3fDISUnQgkeV,olG1DCtzqOqCtYHMI7NUSuMF,,,Payment,Authentic by Zee,,VSW1XKEV415DYJQ3JETS8WDP5G,,ea,1
8/3/2019,11:43:42,Eastern Time (US & Canada),None,Custom Amount,1,,,,$1.00 ,$0.00 ,$1.00 ,$0.05 ,X9DZeWlHVSQwu3fDISUnQgkeV,olG1DCtzqOqCtYHMI7NUSuMF,,,Payment,Authentic by Zee,,VSW1XKEV415DYJQ3JETS8WDP5G,,ea,1
8/3/2019,11:43:03,Eastern Time (US & Canada),None,Wing Meal,1,Regular,,,$9.50 ,$0.00 ,$9.50 ,$1.14 ,RMGodNa10slL4gBgbako0WweV,1UVOFg3SlG8tTD8QFUrhKQB,,,Payment,Authentic by Zee,,,,ea,1
8/3/2019,11:29:13,Eastern Time (US & Canada),None,Custom Amount,1,,,,$9.00 ,$0.00 ,$9.00 ,$0.45 ,ThEIsvn1U8pOk4u7yafzdRleV,5615s6VulfZNMbyEpJoAoxMF,,,Payment,Authentic by Zee,,AZAEEY2HD538WRQDHETGQ656AW,,ea,1
8/3/2019,11:27:12,Eastern Time (US & Canada),None,Wings,1,Regular,,,$5.75 ,$0.00 ,$5.75 ,$0.69 ,ftxv7ePy7GrdIUdAiTH0bMjeV,0qEoNhP34pBidCW783FYuuMF,,,Payment,Authentic by Zee,,MKEQVXR87S6Q4XET43XF3KS2QR,,ea,1
8/3/2019,11:26:38,Eastern Time (US & Canada),Chicken,Jerk Chicken,1,Regular,,,$7.50 ,$0.00 ,$7.50 ,$0.90 ,JqB9RJh7jq0ME7nigih2Kt7eV,wgVGmQb8cLT9xErXVH92guMF,,Juicy Grilled Leg Quarters steamed down in the perfect sweet and Spicy sauce!,Payment,Authentic by Zee,,9FY2KQCGFX3E7A6SR5D0YPWCSM,,ea,1
8/3/2019,11:15:49,Eastern Time (US & Canada),None,Custom Amount,1,,,,$7.50 ,$0.00 ,$7.50 ,$0.38 ,LfvTZE3lg33qUsGhoSl3ippeV,TMKFcI5tI0YnXyP0MhCXCzMF,,,Payment,Authentic by Zee,,8E204R5D1D1N6QSGYEKRW92WWR,,ea,1
8/3/2019,11:14:52,Eastern Time (US & Canada),Chicken,BBQ Chicken,1,Regular,,,$6.00 ,$0.00 ,$6.00 ,$0.72 ,tiId85pZhDDJsp0B3gmTsVyeV,7NpZ2EjrFW1EIcAMdNFobvMF,,"Grilled Leg Quarters, stewed in HFCS Free BBQ sauce. 
Single plates are served with 2 side items of your choice.
Pans are served for catering events, typically with parties of 10 or more.",Payment,Authentic by Zee,,RJCX7J897D7SEPSVA0W9BNXMBW,,ea,1
8/3/2019,11:14:15,Eastern Time (US & Canada),None,Wing Meal,1,Regular,,,$9.50 ,$0.00 ,$9.50 ,$1.14 ,7PDbn4YxWQP2IDK75gzvKvweV,D5nMAgqlZ6lUycvSb07LUvMF,,,Payment,Authentic by Zee,,1EF0JSFCX14XVAQ17TARTADCW4,,ea,1
8/3/2019,11:13:11,Eastern Time (US & Canada),None,Custom Amount,1,,,,$6.00 ,$0.00 ,$6.00 ,$0.30 ,Lzz6QF719kyNMge8peSSTX9eV,HwpRulhgw827UwlhT5QDZtMF,,,Payment,Authentic by Zee,,,,ea,1
8/3/2019,11:13:11,Eastern Time (US & Canada),None,Chicken Fajitas,1,Regular,,,$7.50 ,$0.00 ,$7.50 ,$0.90 ,Lzz6QF719kyNMge8peSSTX9eV,HwpRulhgw827UwlhT5QDZtMF,,"Chicken Breast grilled and cut up served on a flour tortilla, with seared bell peppers and onions with just the right amount of Cheesy goodness !",Payment,Authentic by Zee,,,,ea,1
8/3/2019,11:12:31,Eastern Time (US & Canada),None,Chicken Fajitas,1,Regular,,,$7.50 ,$0.00 ,$7.50 ,$0.90 ,fJzHWMZKGUIsc81KalgUPuzeV,GizAdkP8nSjXMvFKhxPfutMF,,"Chicken Breast grilled and cut up served on a flour tortilla, with seared bell peppers and onions with just the right amount of Cheesy goodness !",Payment,Authentic by Zee,,9927X2TWFH2BRZZ5TZT6GFB4VC,,ea,1
8/3/2019,11:12:12,Eastern Time (US & Canada),None,Wings,1,Regular,,,$5.75 ,$0.00 ,$5.75 ,$0.69 ,nX8TR7rpPjHVKX5peWva5g2eV,XsQUtGdr2SvIHDWg67xKzzMF,,,Payment,Authentic by Zee,,F13TNZK76568CGJTEFP7EXAK0G,,ea,1
8/3/2019,11:11:19,Eastern Time (US & Canada),None,Custom Amount,1,,,,$10.00 ,$0.00 ,$10.00 ,$0.50 ,tOCh1z4L3wAuP1MZHoKoItgeV,4enhr0pHeaSLBLFwtSTyNvMF,,,Payment,Authentic by Zee,,DK1MQE8T5S3HAJ8YBCGRJ7CSJG,,ea,1
8/3/2019,11:11:01,Eastern Time (US & Canada),Chicken,Jerk Chicken,1,Regular,,,$7.50 ,$0.00 ,$7.50 ,$0.90 ,zL54alytW1udX4AEnjEL0EAfV,O0rzPZpVXdWMSEq39UyF3yMF,,Juicy Grilled Leg Quarters steamed down in the perfect sweet and Spicy sauce!,Payment,Authentic by Zee,,QKTQVDQTWN40YNCDDZJSAN90RR,,ea,1
8/1/2019,11:36:25,Eastern Time (US & Canada),Chicken,Jerk Chicken,1,Regular,,,$7.50 ,$0.00 ,$7.50 ,$0.90 ,HZ3s1xhe9NpLcq8J7Gh2wkveV,DWcGUaR3uODqm1a04SyTYyMF,,Juicy Grilled Leg Quarters steamed down in the perfect sweet and Spicy sauce!,Payment,Authentic by Zee,,4894HXR5CN5Q6KSYDSJBF9TCYG,,ea,1
8/1/2019,11:25:58,Eastern Time (US & Canada),None,Custom Amount,1,,,,$7.00 ,$0.00 ,$7.00 ,$0.35 ,vFhZEfk1k3rOjJ3jujk9rR0eV,jT1lWajySTmsNyOu765opwMF,,,Payment,Authentic by Zee,,7EMNPP4QSD354GR9HMYR1B2YJG,,ea,1
8/1/2019,11:16:32,Eastern Time (US & Canada),Chicken,BBQ Chicken,1,Regular,,,$6.00 ,$0.00 ,$6.00 ,$0.72 ,DVkXjhab5x7rNFyx2LtXSbjeV,7E9bRvph2OUk9oWga024XuMF,,"Grilled Leg Quarters, stewed in HFCS Free BBQ sauce. 
Single plates are served with 2 side items of your choice.
Pans are served for catering events, typically with parties of 10 or more.",Payment,Authentic by Zee,,EF0RRRGKHD0S6VSEGYBT7F8PBM,,ea,1
8/1/2019,11:05:06,Eastern Time (US & Canada),None,Custom Amount,1,,,,$8.50 ,$0.00 ,$8.50 ,$0.42 ,ZuTRq9gWLfgw13qUG6ZMmz2eV,MWfbm5ixis8RyHUHI4fvWyMF,,,Payment,Authentic by Zee,,DK1MQE8T5S3HAJ8YBCGRJ7CSJG,,ea,1
8/1/2019,11:04:33,Eastern Time (US & Canada),None,Custom Amount,1,,,,$5.00 ,$0.00 ,$5.00 ,$0.25 ,9aEDEA1MFCccdsXGNDX7mQpeV,FjGMaizSdaypWwJlrM765zMF,,,Payment,Authentic by Zee,,1EF0JSFCX14XVAQ17TARTADCW4,,ea,1
8/1/2019,11:03:15,Eastern Time (US & Canada),Chicken,BBQ Chicken,1,Regular,,,$6.00 ,$0.00 ,$6.00 ,$0.72 ,BOBPdkFnshO4jHEboAXP2z8eV,7mrYJVChwe77o08mCjELUtMF,,"Grilled Leg Quarters, stewed in HFCS Free BBQ sauce. 
Single plates are served with 2 side items of your choice.
Pans are served for catering events, typically with parties of 10 or more.",Payment,Authentic by Zee,,FKS0ECJGFN5EWQDM9ZM2H3PG64,,ea,1
8/1/2019,11:03:15,Eastern Time (US & Canada),None,Wings,1,Regular,,,$5.75 ,$0.00 ,$5.75 ,$0.69 ,BOBPdkFnshO4jHEboAXP2z8eV,7mrYJVChwe77o08mCjELUtMF,,,Payment,Authentic by Zee,,FKS0ECJGFN5EWQDM9ZM2H3PG64,,ea,1
8/1/2019,11:02:27,Eastern Time (US & Canada),None,Wings,1,Regular,,,$5.75 ,$0.00 ,$5.75 ,$0.69 ,jTbTlnooQRxFPslCZs9CmoieV,5D8t5Ch0T2xOr0IOFvUVQzMF,,,Payment,Authentic by Zee,,4H8BH8STMN070R93MKY08JGJYG,,ea,1
7/30/2019,12:06:47,Eastern Time (US & Canada),None,Custom Amount,1,,,,$8.50 ,$0.00 ,$8.50 ,$0.42 ,XrO9bQ4lthpuUh9lKsVfOs7eV,aD7mmIJWgGnn8gw3cluyryMF,,,Payment,Authentic by Zee,,1EF0JSFCX14XVAQ17TARTADCW4,,ea,1
7/30/2019,12:02:21,Eastern Time (US & Canada),None,Custom Amount,1,,,,$5.00 ,$0.00 ,$5.00 ,$0.25 ,ZkcObKvWYSIP7bNUbJ129XseV,XIAmycvCRLeFqZ1Pt8nIAyMF,,,Payment,Authentic by Zee,,EF0RRRGKHD0S6VSEGYBT7F8PBM,,ea,1
7/30/2019,11:23:48,Eastern Time (US & Canada),None,Custom Amount,1,,,,$5.00 ,$0.00 ,$5.00 ,$0.25 ,T5W5dGiqOQujh229YVPalq2eV,YRppsTQ78CiIcnq5njk8gtMF,,,Payment,Authentic by Zee,,8E204R5D1D1N6QSGYEKRW92WWR,,ea,1
7/30/2019,11:23:48,Eastern Time (US & Canada),None,Wings,1,Regular,,,$5.75 ,$0.00 ,$5.75 ,$0.69 ,T5W5dGiqOQujh229YVPalq2eV,YRppsTQ78CiIcnq5njk8gtMF,,,Payment,Authentic by Zee,,8E204R5D1D1N6QSGYEKRW92WWR,,ea,1
7/30/2019,11:08:34,Eastern Time (US & Canada),None,Custom Amount,1,,,,$8.00 ,$0.00 ,$8.00 ,$0.40 ,flviSTATrMgmu7kSoB7lkG7eV,iKjd356spm9SC2MAIFfV7xMF,,,Payment,Authentic by Zee,,DK1MQE8T5S3HAJ8YBCGRJ7CSJG,,ea,1
7/30/2019,11:07:45,Eastern Time (US & Canada),None,Wings,1,Regular,,,$5.75 ,$0.00 ,$5.75 ,$0.69 ,Th2123vd0hXcj0XmWvrGPQ2eV,"HJRTKaLqzuCxwHwjQVKdKQB, K9pNBoq9CzyZXrrAnf4YXzMF",,,Payment,Authentic by Zee,,", 7EMNPP4QSD354GR9HMYR1B2YJG",", ",ea,1
7/30/2019,11:06:37,Eastern Time (US & Canada),None,Wings,1,Regular,,,$5.75 ,$0.00 ,$5.75 ,$0.69 ,Z2vzFHH7MJNbeMcYPJrC9g7eV,8zozB4ZPW3PXUSDgZTd4StMF,,,Payment,Authentic by Zee,,4H8BH8STMN070R93MKY08JGJYG,,ea,1
7/28/2019,14:20:43,Eastern Time (US & Canada),None,Custom Amount,1,,,,$17.16 ,$0.00 ,$17.16 ,$0.86 ,bfbfzqUOhT5EIxFjalISBjgeV,fNn5DStIXzHMtk9q64uNYxMF,,,Payment,Authentic by Zee,,ZGQGMZ090543MK525WAGCAZBBR,,ea,1
7/27/2019,11:50:13,Eastern Time (US & Canada),Chicken,BBQ Chicken,1,Regular,,,$6.00 ,$0.00 ,$6.00 ,$0.72 ,Zc4cSIWjblz4jzpCCDMOSLheV,sVJbutwxHyrnt1hcUVv8TxMF,,"Grilled Leg Quarters, stewed in HFCS Free BBQ sauce. 
Single plates are served with 2 side items of your choice.
Pans are served for catering events, typically with parties of 10 or more.",Payment,Authentic by Zee,,RJCX7J897D7SEPSVA0W9BNXMBW,,ea,1
7/27/2019,11:48:40,Eastern Time (US & Canada),None,Wing Meal,1,Regular,,,$9.50 ,$0.00 ,$9.50 ,$1.14 ,tQl4wFrqcRau3tUho7YyF0peV,IcA9yCloiTKlG3yT4Xg0MzMF,,,Payment,Authentic by Zee,,EF0RRRGKHD0S6VSEGYBT7F8PBM,,ea,1
7/27/2019,11:44:21,Eastern Time (US & Canada),None,Chicken Fajitas,1,Regular,,,$7.50 ,$0.00 ,$7.50 ,$0.90 ,DREqA9ZJlQZ6bKgtjS8ybmneV,icNTUY4j19C7qa3KDpZMguMF,,"Chicken Breast grilled and cut up served on a flour tortilla, with seared bell peppers and onions with just the right amount of Cheesy goodness !",Payment,Authentic by Zee,,VTZP99C8714SCMQXPZDEB0129C,,ea,1
7/27/2019,11:17:28,Eastern Time (US & Canada),None,Custom Amount,1,,,,$5.00 ,$0.00 ,$5.00 ,$0.25 ,FoRRhMa9aPlbdqw3yAjLH24eV,gPVD0FYVYfDXzQwLfpyzHxMF,,,Payment,Authentic by Zee,,4H8BH8STMN070R93MKY08JGJYG,,ea,1
7/27/2019,11:10:51,Eastern Time (US & Canada),None,Chicken Fajitas,1,Regular,,,$7.50 ,$0.00 ,$7.50 ,$0.90 ,X5NnGAD2bFYPAHpzSrjH2BseV,qTe1ax10t0NbpENny0UlwsMF,,"Chicken Breast grilled and cut up served on a flour tortilla, with seared bell peppers and onions with just the right amount of Cheesy goodness !",Payment,Authentic by Zee,,DK1MQE8T5S3HAJ8YBCGRJ7CSJG,,ea,1
7/27/2019,11:09:19,Eastern Time (US & Canada),Chicken,Jerk Chicken,1,Regular,,,$7.50 ,$0.00 ,$7.50 ,$0.90 ,vfoSKppnSRcbBldkMIhxjPneV,BYLWkBVTC0GZTruCRzfbnsMF,,Juicy Grilled Leg Quarters steamed down in the perfect sweet and Spicy sauce!,Payment,Authentic by Zee,,8E204R5D1D1N6QSGYEKRW92WWR,,ea,1
7/27/2019,11:08:47,Eastern Time (US & Canada),Chicken,Jerk Chicken,1,Regular,,,$7.50 ,$0.00 ,$7.50 ,$0.90 ,XtJIy6PBtbb6ZFYEebFppsmeV,R3e5Pw9eSVdKmuVZZrR4RzMF,,Juicy Grilled Leg Quarters steamed down in the perfect sweet and Spicy sauce!,Payment,Authentic by Zee,,E12FMFV4PD4REZADJ08RR205GR,,ea,1
7/25/2019,11:39:13,Eastern Time (US & Canada),None,Custom Amount,1,,,,$6.50 ,$0.00 ,$6.50 ,$0.32 ,BM8LwytFmM8GUo9ZZzv3tkgeV,bXEmivCWUeU2k6EmBoJYozMF,,,Payment,Authentic by Zee,,359D7MA13X2VGSZGCNZXVY3Q2R,,ea,1
7/25/2019,11:28:51,Eastern Time (US & Canada),None,Custom Amount,1,,,,$6.50 ,$0.00 ,$6.50 ,$0.32 ,zxAYDeNWowtAxoJPUBzG4LpeV,RMWq4IuOpJwiYeEireda2wMF,,,Payment,Authentic by Zee,,RJCX7J897D7SEPSVA0W9BNXMBW,,ea,1
7/25/2019,11:20:48,Eastern Time (US & Canada),None,Custom Amount,1,,,,$13.00 ,$0.00 ,$13.00 ,$0.65 ,Vm4p6OjBQ5eK4jzYLq0BAB9eV,rAqzDeWEiyTO1oIrUBiUGwMF,,,Payment,Authentic by Zee,,8E204R5D1D1N6QSGYEKRW92WWR,,ea,1
7/25/2019,11:02:40,Eastern Time (US & Canada),None,Custom Amount,1,,,,$7.00 ,$0.00 ,$7.00 ,$0.35 ,da8tHvE1oN0kzDBajqemO43eV,jNlYNTdZv3bNPqI7u3eDxsMF,,,Payment,Authentic by Zee,,DK1MQE8T5S3HAJ8YBCGRJ7CSJG,,ea,1
7/25/2019,11:00:49,Eastern Time (US & Canada),None,Custom Amount,1,,,,$6.50 ,$0.00 ,$6.50 ,$0.32 ,dSI7qRNDWkFET7iH5LuT1B2eV,tso2vcTXkcozpGsSKj4JatMF,,,Payment,Authentic by Zee,,9927X2TWFH2BRZZ5TZT6GFB4VC,,ea,1
7/25/2019,10:59:55,Eastern Time (US & Canada),None,Custom Amount,1,,,,$6.50 ,$0.00 ,$6.50 ,$0.32 ,ZYSyENBHwugZhAVtv7tY26ieV,fw1LIeWc2lKgbREWfpBjMwMF,,,Payment,Authentic by Zee,,28ESB07A1N5WEZ28R0S2H6RHP4,,ea,1
7/23/2019,11:48:03,Eastern Time (US & Canada),None,Custom Amount,1,,,,$5.00 ,$0.00 ,$5.00 ,$0.25 ,R2VH00g8saaeGrl4lznytQheV,GL81xH4iCpQ8MwMCLkBssxMF,,,Payment,Authentic by Zee,,7EMNPP4QSD354GR9HMYR1B2YJG,,ea,1
7/23/2019,11:40:07,Eastern Time (US & Canada),None,Wings,1,Regular,,,$5.75 ,$0.00 ,$5.75 ,$0.69 ,F2aiL7R2NsKzPg6Nm0gb6ZveV,uZKL0Sqtyc9kIGsTtck86zMF,,,Payment,Authentic by Zee,,359D7MA13X2VGSZGCNZXVY3Q2R,,ea,1
7/23/2019,11:11:27,Eastern Time (US & Canada),None,Wings,1,Regular,,,$5.75 ,$0.00 ,$5.75 ,$0.69 ,nDwkwQuasY1Rib35q4SQWNneV,jAtPrhw73OxAnOAfCvmBcsMF,,,Payment,Authentic by Zee,,DK1MQE8T5S3HAJ8YBCGRJ7CSJG,,ea,1
7/23/2019,11:11:27,Eastern Time (US & Canada),None,Custom Amount,1,,,,$10.00 ,$0.00 ,$10.00 ,$0.50 ,nDwkwQuasY1Rib35q4SQWNneV,jAtPrhw73OxAnOAfCvmBcsMF,,,Payment,Authentic by Zee,,DK1MQE8T5S3HAJ8YBCGRJ7CSJG,,ea,1
7/23/2019,11:05:31,Eastern Time (US & Canada),None,Wings,1,Regular,,,$5.75 ,$0.00 ,$5.75 ,$0.69 ,pyVBnObwekpmPDoJPBTK1lfeV,R1iJqRthzir52Sw0XQGjOzMF,,,Payment,Authentic by Zee,,RKPQB4BXT5246JSAB7486RCC7R,,ea,1
7/20/2019,11:23:34,Eastern Time (US & Canada),None,Wings,1,Regular,,,$5.75 ,$0.00 ,$5.75 ,$0.69 ,dQ9eGDmtc0iFxBREMHRgp1jeV,e5N0G6SWmM7lVZHyLL9iusMF,,,Payment,Authentic by Zee,,2MEMJ1721H69AYHF080EZAQ200,,ea,1
7/20/2019,11:22:49,Eastern Time (US & Canada),None,Steak FAJITA,1,Regular,,,$9.00 ,$0.00 ,$9.00 ,$1.08 ,bZC0bQtxPSAQyLdTqlUPsL4eV,GlvfXR4YSD0nJriFo3FzwyMF,,,Payment,Authentic by Zee,,1EF0JSFCX14XVAQ17TARTADCW4,,ea,1
7/20/2019,11:11:06,Eastern Time (US & Canada),None,Wing Meal,1,Regular,,,$9.50 ,$0.00 ,$9.50 ,$1.14 ,7BUHHCRQi81vANFwz0frU7oeV,0nF5jXhTESQjg0jRVUYUnxMF,,,Payment,Authentic by Zee,,RKPQB4BXT5246JSAB7486RCC7R,,ea,1
7/20/2019,11:09:58,Eastern Time (US & Canada),None,Wing Meal,1,Regular,,,$9.50 ,$0.00 ,$9.50 ,$1.14 ,3H0fGFm0YlmeiNHQqQnXg51eV,4JgTvW04sUSkSy7W3SLcYxMF,,,Payment,Authentic by Zee,,CJ65AFD9C14RJRNYCBD4H2ER90,,ea,1
7/20/2019,11:09:18,Eastern Time (US & Canada),Chicken,Jerk Chicken,1,Regular,,,$7.50 ,$0.00 ,$7.50 ,$0.90 ,7t40wBtVy0zfMRkriwfpTzteV,qfOsQYwV0wikrRsKEf8UutMF,,Juicy Grilled Leg Quarters steamed down in the perfect sweet and Spicy sauce!,Payment,Authentic by Zee,,28ESB07A1N5WEZ28R0S2H6RHP4,,ea,1
7/20/2019,11:08:24,Eastern Time (US & Canada),Chicken,BBQ Chicken,1,Regular,,,$6.00 ,$0.00 ,$6.00 ,$0.72 ,hGDUSJGDEvWrQvxzyv0fto8eV,2IQSNCs6OId2ujd4MM2Y9tMF,,"Grilled Leg Quarters, stewed in HFCS Free BBQ sauce. 
Single plates are served with 2 side items of your choice.
Pans are served for catering events, typically with parties of 10 or more.",Payment,Authentic by Zee,,MVHN15E2W92R2V53BJXQEX8694,,ea,1
7/20/2019,11:07:57,Eastern Time (US & Canada),None,Chicken Fajitas,1,Regular,,,$7.50 ,$0.00 ,$7.50 ,$0.90 ,5a7iGMDCGz7b6E7Mw2j5BtkeV,dLFpj9nJVMo9PtMY2lfHbxMF,,"Chicken Breast grilled and cut up served on a flour tortilla, with seared bell peppers and onions with just the right amount of Cheesy goodness !",Payment,Authentic by Zee,,,,ea,1
7/20/2019,11:07:22,Eastern Time (US & Canada),None,Chicken Fajitas,1,Regular,,,$7.50 ,$0.00 ,$7.50 ,$0.90 ,X5bSIuE964BZQQfx5GVPin2eV,cEhYQ1x6R1VRxoAl2Du1pzMF,,"Chicken Breast grilled and cut up served on a flour tortilla, with seared bell peppers and onions with just the right amount of Cheesy goodness !",Payment,Authentic by Zee,,9F793K97YH00WX4VQMYZ9T3F20,,ea,1
7/20/2019,11:06:38,Eastern Time (US & Canada),Chicken,Jerk Chicken,1,Regular,,,$7.50 ,$0.00 ,$7.50 ,$0.90 ,LhCmuSiOR3y749fnTxbtu91eV,DY2IiLPt0thH9DeE2dTNAvMF,,Juicy Grilled Leg Quarters steamed down in the perfect sweet and Spicy sauce!,Payment,Authentic by Zee,,1ZF13XEPN50ZTW3CC45HAF9RW0,,ea,1
7/20/2019,11:05:55,Eastern Time (US & Canada),None,Chicken Fajitas,1,Regular,,,$7.50 ,$0.00 ,$7.50 ,$0.90 ,J8uLFyYYO0cpqLoTMIq8w7feV,D3mPydRYYYQOzqVPx0BfQsMF,,"Chicken Breast grilled and cut up served on a flour tortilla, with seared bell peppers and onions with just the right amount of Cheesy goodness !",Payment,Authentic by Zee,,NQJXPTCACX3BGJW8NR20GHH92M,,ea,1
7/19/2019,9:36:57,Eastern Time (US & Canada),None,Salad Bar,1,Regular,,,$120.00 ,($20.00),$100.00 ,$12.00 ,bhAPcBXQ2NQi27sHaui6GJneV,7Fho4KKWNpbVbV9KosAnPyMF,,"Fresh Spring Mix and Lettuce
Cheese
Bacon Bits
Croutons
Tomatoes
Bell Peppers
Jalapenos
Onions
Dressings include:
Ranch 
Honey Mustard
Balsamic Vinegarette
Blue Cheese",Payment,Authentic by Zee,,EJ2AYPF2490JZ4ESZMWSXTQ5YW,,ea,1
7/18/2019,11:54:12,Eastern Time (US & Canada),None,Wing Meal,1,Regular,,,$9.50 ,$0.00 ,$9.50 ,$1.14 ,bxAPiPb78XKOu4pXqr8i8C4eV,60hVf4Qj4k4fIRqOwudZJyMF,,,Payment,Authentic by Zee,,QJQ6PAVRB15VTP2DADFRE505K0,,ea,1
7/18/2019,11:52:57,Eastern Time (US & Canada),Chicken,Jerk Chicken,1,Regular,,,$7.50 ,$0.00 ,$7.50 ,$0.90 ,P5V8fuUnlPdmMdeCmqyEdvkeV,ROG2Pr2rhxLVvuPwdmo6VwMF,,Juicy Grilled Leg Quarters steamed down in the perfect sweet and Spicy sauce!,Payment,Authentic by Zee,,VTZP99C8714SCMQXPZDEB0129C,,ea,1
7/18/2019,11:12:55,Eastern Time (US & Canada),None,Custom Amount,1,,,,$9.00 ,$0.00 ,$9.00 ,$0.45 ,zJeZlRtnRKFKv1iZ7llUHTueV,lvQULJMNT9qNy8ekp32P1xMF,,,Payment,Authentic by Zee,,QKTQVDQTWN40YNCDDZJSAN90RR,,ea,1
7/18/2019,11:04:40,Eastern Time (US & Canada),None,Custom Amount,1,,,,$5.00 ,$0.00 ,$5.00 ,$0.25 ,h4K7oECdh6edCdvqtYxgicyeV,xHigdhYyI1bZqAjBtGOAoyMF,,,Payment,Authentic by Zee,,4H8BH8STMN070R93MKY08JGJYG,,ea,1
7/18/2019,11:03:48,Eastern Time (US & Canada),None,Custom Amount,1,,,,$10.00 ,$0.00 ,$10.00 ,$0.50 ,ZUQaKsYjobWdalwE2EECSmmeV,4M5rmmZXtirBHbDHnxEdYxMF,,,Payment,Authentic by Zee,,RKPQB4BXT5246JSAB7486RCC7R,,ea,1
7/16/2019,11:48:44,Eastern Time (US & Canada),None,Custom Amount,1,,,,$8.00 ,$0.00 ,$8.00 ,$0.40 ,RKrvhyw5nRMUuF7eaOwBEDkeV,vkMxvbx2zFPilP3GMOV5vuMF,,,Payment,Authentic by Zee,,K5ZQJB8MJX7J8M73ZRXD6PGG58,,ea,1
7/16/2019,11:33:47,Eastern Time (US & Canada),None,Wings,1,Regular,,,$5.75 ,$0.00 ,$5.75 ,$0.69 ,XzIyynHKMy3qJ5olHZaRVZ2eV,RqINskoae9KxQPuMIQy92uMF,,,Payment,Authentic by Zee,,8E204R5D1D1N6QSGYEKRW92WWR,,ea,1
7/16/2019,11:33:47,Eastern Time (US & Canada),None,Custom Amount,1,,,,$4.00 ,$0.00 ,$4.00 ,$0.20 ,XzIyynHKMy3qJ5olHZaRVZ2eV,RqINskoae9KxQPuMIQy92uMF,,,Payment,Authentic by Zee,,8E204R5D1D1N6QSGYEKRW92WWR,,ea,1
7/16/2019,11:10:10,Eastern Time (US & Canada),None,Custom Amount,1,,,,$8.00 ,$0.00 ,$8.00 ,$0.40 ,h42fPEuvdZgrCdqIkKqd3MAfV,KeVQlyOljFU0eVD0ehPNvwMF,,,Payment,Authentic by Zee,,DK1MQE8T5S3HAJ8YBCGRJ7CSJG,,ea,1
7/16/2019,11:07:57,Eastern Time (US & Canada),None,Custom Amount,1,,,,$5.00 ,$0.00 ,$5.00 ,$0.25 ,ROtzXq7rsIJcC3AwRSXtYz9eV,jHNnRkhLGDoFS5U45obGvxMF,,,Payment,Authentic by Zee,,4H8BH8STMN070R93MKY08JGJYG,,ea,1
7/13/2019,11:46:56,Eastern Time (US & Canada),None,Wing Meal,2,Regular,,,$17.00 ,$0.00 ,$17.00 ,$2.04 ,bHV2xqbAOKe67ZS1SzUz1b2eV,ixIDTzDVoRed4631yRD96zMF,,,Payment,Authentic by Zee,,J32RFP39E168GV18Z2C9XHHVQG,,ea,2
7/13/2019,11:46:56,Eastern Time (US & Canada),Chicken,Jerk Chicken,4,Regular,,,$30.00 ,$0.00 ,$30.00 ,$3.60 ,bHV2xqbAOKe67ZS1SzUz1b2eV,ixIDTzDVoRed4631yRD96zMF,,Juicy Grilled Leg Quarters steamed down in the perfect sweet and Spicy sauce!,Payment,Authentic by Zee,,J32RFP39E168GV18Z2C9XHHVQG,,ea,4
7/13/2019,11:46:56,Eastern Time (US & Canada),Chicken,BBQ Chicken,1,Regular,,,$6.00 ,$0.00 ,$6.00 ,$0.72 ,bHV2xqbAOKe67ZS1SzUz1b2eV,ixIDTzDVoRed4631yRD96zMF,,"Grilled Leg Quarters, stewed in HFCS Free BBQ sauce. 
Single plates are served with 2 side items of your choice.
Pans are served for catering events, typically with parties of 10 or more.",Payment,Authentic by Zee,,J32RFP39E168GV18Z2C9XHHVQG,,ea,1
7/13/2019,11:46:56,Eastern Time (US & Canada),Chicken,Jerk Chicken,1,Regular,,,$7.50 ,$0.00 ,$7.50 ,$0.90 ,bHV2xqbAOKe67ZS1SzUz1b2eV,ixIDTzDVoRed4631yRD96zMF,,Juicy Grilled Leg Quarters steamed down in the perfect sweet and Spicy sauce!,Payment,Authentic by Zee,,J32RFP39E168GV18Z2C9XHHVQG,,ea,1
7/13/2019,11:30:41,Eastern Time (US & Canada),None,Chicken Fajitas,1,Regular,,,$7.50 ,$0.00 ,$7.50 ,$0.90 ,JsYqokJiVmz8D074ePhz1GfeV,PJXDakM39rmcYhegbiH52vMF,,"Chicken Breast grilled and cut up served on a flour tortilla, with seared bell peppers and onions with just the right amount of Cheesy goodness !",Payment,Authentic by Zee,,K1R3K88H1X4BTP8ADG3RRJ3NWC,,ea,1
7/13/2019,11:22:46,Eastern Time (US & Canada),Chicken,Jerk Chicken,1,Regular,,,$7.50 ,$0.00 ,$7.50 ,$0.89 ,liqTntNLUz28sdz5Rb1Bs23eV,LQt0rctmrmUt5XQQFuI2HwMF,,Juicy Grilled Leg Quarters steamed down in the perfect sweet and Spicy sauce!,Payment,Authentic by Zee,,8E204R5D1D1N6QSGYEKRW92WWR,,ea,1
7/13/2019,11:22:46,Eastern Time (US & Canada),None,Custom Amount,1,,,,$9.00 ,$0.00 ,$9.00 ,$0.45 ,liqTntNLUz28sdz5Rb1Bs23eV,LQt0rctmrmUt5XQQFuI2HwMF,,,Payment,Authentic by Zee,,8E204R5D1D1N6QSGYEKRW92WWR,,ea,1
7/13/2019,11:08:57,Eastern Time (US & Canada),Chicken,Jerk Chicken,1,Regular,,,$7.50 ,$0.00 ,$7.50 ,$0.90 ,Nm2PyANgp83WDcb5NlklvoseV,UxuwNInXDZXlPC8rHZE16yMF,,Juicy Grilled Leg Quarters steamed down in the perfect sweet and Spicy sauce!,Payment,Authentic by Zee,,28ESB07A1N5WEZ28R0S2H6RHP4,,ea,1
7/13/2019,11:08:24,Eastern Time (US & Canada),Chicken,BBQ Chicken,1,Regular,,,$6.00 ,$0.00 ,$6.00 ,$0.72 ,9usE5IWmlXB4Dj1J4smixnreV,ny773Z4VZd6MxEglHkVemvMF,,"Grilled Leg Quarters, stewed in HFCS Free BBQ sauce. 
Single plates are served with 2 side items of your choice.
Pans are served for catering events, typically with parties of 10 or more.",Payment,Authentic by Zee,,2MEMJ1721H69AYHF080EZAQ200,,ea,1
7/13/2019,11:07:06,Eastern Time (US & Canada),None,Wings,1,Regular,,,$5.75 ,$0.00 ,$5.75 ,$0.69 ,ZcEW21gK4krCG2luppQqRDweV,prNiGauAlQSBWxClKyEoozMF,,,Payment,Authentic by Zee,,F13TNZK76568CGJTEFP7EXAK0G,,ea,1
7/13/2019,11:06:38,Eastern Time (US & Canada),None,Chicken Fajitas,1,Regular,,,$7.50 ,$0.00 ,$7.50 ,$0.89 ,fPwOruyfOLFeOn2vhA8sLY4eV,wQ66YeusKM7FCFcJqNwS4uMF,,"Chicken Breast grilled and cut up served on a flour tortilla, with seared bell peppers and onions with just the right amount of Cheesy goodness !",Payment,Authentic by Zee,,MVHN15E2W92R2V53BJXQEX8694,,ea,1
7/13/2019,11:06:38,Eastern Time (US & Canada),None,Custom Amount,1,,,,$1.00 ,$0.00 ,$1.00 ,$0.05 ,fPwOruyfOLFeOn2vhA8sLY4eV,wQ66YeusKM7FCFcJqNwS4uMF,,,Payment,Authentic by Zee,,MVHN15E2W92R2V53BJXQEX8694,,ea,1
7/13/2019,11:05:36,Eastern Time (US & Canada),None,Custom Amount,1,,,,$9.00 ,$0.00 ,$9.00 ,$0.45 ,FmCWnUiU3NeG6vnCoEHhdX6eV,ecGEogfsHignIBfMSBm8GvMF,,,Payment,Authentic by Zee,,,,ea,1
7/12/2019,15:14:40,Eastern Time (US & Canada),Chicken,Hot Bar,1,Regular,,,$150.00 ,($15.00),$135.00 ,$16.20 ,R8k1aL7Jn9MTQhbh8k08owyeV,pNZPLCjy1qm74cyEi0Dt6wMF,,"Wednesday:Spinach and Arugula Salad bar- Jerk Chicken-  Rice & Beans, Mac& Cheese",Payment,Authentic by Zee,,HS80KZNZPD4NZBC3BVTX8BVX3G,,ea,1
7/12/2019,15:14:40,Eastern Time (US & Canada),Chicken,Hot Bar,1,Regular,,,$150.00 ,$0.00 ,$150.00 ,$18.00 ,R8k1aL7Jn9MTQhbh8k08owyeV,pNZPLCjy1qm74cyEi0Dt6wMF,,"Thursday: Chicken & or Steak Fajitas, Romaine & Iceberg Salad Bar- Cabbage and Mac& Cheese",Payment,Authentic by Zee,,HS80KZNZPD4NZBC3BVTX8BVX3G,,ea,1
7/12/2019,15:14:40,Eastern Time (US & Canada),None,Salad Bar,1,Regular,,,$120.00 ,($12.00),$108.00 ,$12.96 ,R8k1aL7Jn9MTQhbh8k08owyeV,pNZPLCjy1qm74cyEi0Dt6wMF,,Monday Salad Bar- Grilled Chicken- Candied Yams Cornbread casserole,Payment,Authentic by Zee,,HS80KZNZPD4NZBC3BVTX8BVX3G,,ea,1
7/12/2019,15:14:40,Eastern Time (US & Canada),None,Salad Bar,1,Regular,,,$120.00 ,($12.00),$108.00 ,$12.96 ,R8k1aL7Jn9MTQhbh8k08owyeV,pNZPLCjy1qm74cyEi0Dt6wMF,,"Tuesday: Salad Bar-Grilled Steak- Candied Yams, Steamed Cabbage",Payment,Authentic by Zee,,HS80KZNZPD4NZBC3BVTX8BVX3G,,ea,1
7/11/2019,11:59:09,Eastern Time (US & Canada),None,Chicken Fajitas,1,Regular,,,$7.50 ,$0.00 ,$7.50 ,$0.90 ,tyMvSDLBZqVKYEYfcldixIxeV,rLAQOxQacUR5WcMSBJRxnzMF,,"Chicken Breast grilled and cut up served on a flour tortilla, with seared bell peppers and onions with just the right amount of Cheesy goodness !",Payment,Authentic by Zee,,1EF0JSFCX14XVAQ17TARTADCW4,,ea,1
7/11/2019,11:47:53,Eastern Time (US & Canada),Chicken,BBQ Chicken,1,Regular,,,$6.00 ,$0.00 ,$6.00 ,$0.72 ,90XacDLHICajGoqNeDfM508eV,yMOU6q4wL6psmkQR5C98QxMF,,"Grilled Leg Quarters, stewed in HFCS Free BBQ sauce. 
Single plates are served with 2 side items of your choice.
Pans are served for catering events, typically with parties of 10 or more.",Payment,Authentic by Zee,,359D7MA13X2VGSZGCNZXVY3Q2R,,ea,1
7/11/2019,11:41:37,Eastern Time (US & Canada),None,Chicken Fajitas,1,Regular,,,$7.50 ,$0.00 ,$7.50 ,$0.90 ,RixcvDds7LXKFCZJgZi6EI5eV,mK7dOPM18tz9VPBSHhhDhxMF,,"Chicken Breast grilled and cut up served on a flour tortilla, with seared bell peppers and onions with just the right amount of Cheesy goodness !",Payment,Authentic by Zee,,RJCX7J897D7SEPSVA0W9BNXMBW,,ea,1
7/11/2019,11:38:52,Eastern Time (US & Canada),Chicken,Jerk Chicken,1,Regular,,,$7.50 ,$0.00 ,$7.50 ,$0.90 ,9SeAdVRLLqTqLU6uWaAMCJzeV,tO6hesmEwQ6ewTmna9snNwMF,,Juicy Grilled Leg Quarters steamed down in the perfect sweet and Spicy sauce!,Payment,Authentic by Zee,,8E204R5D1D1N6QSGYEKRW92WWR,,ea,1
7/11/2019,11:38:52,Eastern Time (US & Canada),None,Chicken Fajitas,1,Regular,,,$7.50 ,$0.00 ,$7.50 ,$0.90 ,9SeAdVRLLqTqLU6uWaAMCJzeV,tO6hesmEwQ6ewTmna9snNwMF,,"Chicken Breast grilled and cut up served on a flour tortilla, with seared bell peppers and onions with just the right amount of Cheesy goodness !",Payment,Authentic by Zee,,8E204R5D1D1N6QSGYEKRW92WWR,,ea,1
7/11/2019,11:05:19,Eastern Time (US & Canada),Chicken,BBQ Chicken,1,Regular,,,$6.00 ,$0.00 ,$6.00 ,$0.72 ,BmZBV5NewR8FWcaimi9Qq04eV,EzSy5Yzw2XVYjOshMdBDAuMF,,"Grilled Leg Quarters, stewed in HFCS Free BBQ sauce. 
Single plates are served with 2 side items of your choice.
Pans are served for catering events, typically with parties of 10 or more.",Payment,Authentic by Zee,,2MEMJ1721H69AYHF080EZAQ200,,ea,1
7/11/2019,11:03:55,Eastern Time (US & Canada),None,Custom Amount,1,,,,$5.00 ,$0.00 ,$5.00 ,$0.25 ,nRTwXY81lArVCG3KU8OS9mreV,rffT2OuDfmqdD5wwcoXqAwMF,,,Payment,Authentic by Zee,,4H8BH8STMN070R93MKY08JGJYG,,ea,1
7/11/2019,11:03:00,Eastern Time (US & Canada),Chicken,BBQ Chicken,1,Regular,,,$6.00 ,$0.00 ,$6.00 ,$0.72 ,lcZikcaxQoVsme4nDisiCPzeV,QvkxLynFVQAZcganmXikhsMF,,"Grilled Leg Quarters, stewed in HFCS Free BBQ sauce. 
Single plates are served with 2 side items of your choice.
Pans are served for catering events, typically with parties of 10 or more.",Payment,Authentic by Zee,,MVHN15E2W92R2V53BJXQEX8694,,ea,1
7/9/2019,11:27:10,Eastern Time (US & Canada),None,Custom Amount,1,,,,$5.00 ,$0.00 ,$5.00 ,$0.25 ,vJztOjltXuoXcUgzzNqMDWmeV,FfvIUIJXcIXLvAyxYCVa0zMF,,,Payment,Authentic by Zee,,,,ea,1
7/9/2019,11:16:39,Eastern Time (US & Canada),None,Custom Amount,1,,,,$5.00 ,$0.00 ,$5.00 ,$0.25 ,HZFBqWKlg6LcxdMSrBPfjCseV,I6EdU3ptgbpYfnxgulsc5wMF,,,Payment,Authentic by Zee,,4H8BH8STMN070R93MKY08JGJYG,,ea,1
7/9/2019,11:14:08,Eastern Time (US & Canada),None,Wings,1,Regular,,,$5.75 ,$0.00 ,$5.75 ,$0.69 ,f91PQUBWRkONwAxLZrojWAkeV,c57IzzrYL7A1c586RHuU9wMF,,,Payment,Authentic by Zee,,MVHN15E2W92R2V53BJXQEX8694,,ea,1
7/7/2019,13:55:05,Eastern Time (US & Canada),None,Chicken Fajitas,1,Regular,,,$7.50 ,$0.00 ,$7.50 ,$0.90 ,FQFjcRE3IkF2gdt1NfP9vM7eV,M5AdsQzuugOXk1FE69FlQvMF,,"Chicken Breast grilled and cut up served on a flour tortilla, with seared bell peppers and onions with just the right amount of Cheesy goodness !",Payment,Authentic by Zee,,TNWRDXHR9D2RWRMYYK9XHX6BZG,,ea,1
7/3/2019,7:53:38,Eastern Time (US & Canada),None,Salad Bar,1,Regular,,,$120.00 ,($12.00),$108.00 ,$9.72 ,haHvfMuQHlin6FMONOGsRAgeV,4e5pL1K3QDqiuFF7epon7yMF,,"Fresh Spring Mix and Lettuce
Cheese
Bacon Bits
Croutons
Tomatoes
Bell Peppers
Jalapenos
Onions
Dressings include:
Ranch 
Honey Mustard
Balsamic Vinegarette
Blue Cheese",Payment,Authentic by Zee,,EJ2AYPF2490JZ4ESZMWSXTQ5YW,,ea,1
7/3/2019,7:53:38,Eastern Time (US & Canada),Speciality ,Cold Cut Catering,1,Regular,,,$120.00 ,($12.00),$108.00 ,$9.72 ,haHvfMuQHlin6FMONOGsRAgeV,4e5pL1K3QDqiuFF7epon7yMF,,"Ham and Turkey cold cuts served on toasted hogie bread with provolone cheese, lettuce and tomatoes.",Payment,Authentic by Zee,,EJ2AYPF2490JZ4ESZMWSXTQ5YW,,ea,1
7/3/2019,7:53:38,Eastern Time (US & Canada),None,Warm Buffet,1,Regular,,,$120.00 ,($12.00),$108.00 ,$9.72 ,haHvfMuQHlin6FMONOGsRAgeV,4e5pL1K3QDqiuFF7epon7yMF,,"Chicken Fajitas
BBQ Chicken
Mac & Cheese
Steamed Cabbage 
Candied Yams",Payment,Authentic by Zee,,EJ2AYPF2490JZ4ESZMWSXTQ5YW,,ea,1
7/3/2019,7:53:38,Eastern Time (US & Canada),None,Shrimp and veggie stirfry,1,Catering (10) people,,,$85.00 ,($8.50),$76.50 ,$6.89 ,haHvfMuQHlin6FMONOGsRAgeV,4e5pL1K3QDqiuFF7epon7yMF,,,Payment,Authentic by Zee,,EJ2AYPF2490JZ4ESZMWSXTQ5YW,,ea,1
7/3/2019,7:53:38,Eastern Time (US & Canada),None,Chicken Fajitas,10,Regular,,,$75.00 ,($7.50),$67.50 ,$6.07 ,haHvfMuQHlin6FMONOGsRAgeV,4e5pL1K3QDqiuFF7epon7yMF,,"Chicken Breast grilled and cut up served on a flour tortilla, with seared bell peppers and onions with just the right amount of Cheesy goodness !",Payment,Authentic by Zee,,EJ2AYPF2490JZ4ESZMWSXTQ5YW,,ea,10
7/3/2019,7:53:38,Eastern Time (US & Canada),None,Side Salad Bowl,1,Regular (serving 5),,,$12.00 ,($1.20),$10.80 ,$0.00 ,haHvfMuQHlin6FMONOGsRAgeV,4e5pL1K3QDqiuFF7epon7yMF,,"Lettuce, Tomatoes, Cucumbers, Shredded carrots, cheese and various dressings.",Payment,Authentic by Zee,,EJ2AYPF2490JZ4ESZMWSXTQ5YW,,ea,1
6/29/2019,15:58:06,Eastern Time (US & Canada),None,Custom Amount,1,,,,$10.00 ,$0.00 ,$10.00 ,$0.00 ,DJWj73ruBFvzInQYYKWAYCgeV,8mEQUKuPlH8qhhDfYNDcTxMF,,,Payment,Authentic by Zee,,,,ea,1
6/29/2019,14:51:37,Eastern Time (US & Canada),None,Custom Amount,1,,,,$18.00 ,$0.00 ,$18.00 ,$0.00 ,52nVuVEB8Nsp6k06BcTW2F4eV,47Tjr8dMSJoaDjXluN2jgyMF,,,Payment,Authentic by Zee,,CSPQ0FYBFX6G4P6A988663E63R,,ea,1
6/29/2019,13:45:45,Eastern Time (US & Canada),Chicken,BBQ Chicken,1,Regular,,,$6.00 ,$0.00 ,$6.00 ,$0.00 ,1GEbATA9HOAWp20X6v0fgGxeV,TdxVIfwJtVsc2nZoUENVRzMF,,"Grilled Leg Quarters, stewed in HFCS Free BBQ sauce. 
Single plates are served with 2 side items of your choice.
Pans are served for catering events, typically with parties of 10 or more.",Payment,Authentic by Zee,,YKDP0MF49D290K8MS7M9086CBG,,ea,1
6/29/2019,13:45:45,Eastern Time (US & Canada),None,Chicken Fajitas,1,Regular,,,$7.50 ,$0.00 ,$7.50 ,$0.00 ,1GEbATA9HOAWp20X6v0fgGxeV,TdxVIfwJtVsc2nZoUENVRzMF,,"Chicken Breast grilled and cut up served on a flour tortilla, with seared bell peppers and onions with just the right amount of Cheesy goodness !",Payment,Authentic by Zee,,YKDP0MF49D290K8MS7M9086CBG,,ea,1
6/29/2019,12:36:17,Eastern Time (US & Canada),None,Custom Amount,1,,,,$500.00 ,$0.00 ,$500.00 ,$0.00 ,zp82oRrv7naNS0XethEh0NfeV,ODp1RhRzRXFhzNv5oa6PpsMF,,,Payment,Authentic by Zee,,H9PVP2695X3SJZHYEA3ADGTPXC,,ea,1
6/29/2019,11:37:13,Eastern Time (US & Canada),Chicken,BBQ Chicken,1,Regular,,,$6.00 ,$0.00 ,$6.00 ,$0.72 ,xguxeIizmnE0ypcOfhoJGNzeV,wPybRoySqAJCahNvEoi1GuMF,,"Grilled Leg Quarters, stewed in HFCS Free BBQ sauce. 
Single plates are served with 2 side items of your choice.
Pans are served for catering events, typically with parties of 10 or more.",Payment,Authentic by Zee,,MHAMT0GBBX2DTSPHT9MYMSABM8,,ea,1
6/29/2019,11:29:53,Eastern Time (US & Canada),None,Chicken Fajitas,1,Regular,,,$7.50 ,$0.00 ,$7.50 ,$0.90 ,h8QdMGIuAQ3iGDLWVKIwbqteV,xVsgEUcfWiCYD0VWaoWOsyMF,,"Chicken Breast grilled and cut up served on a flour tortilla, with seared bell peppers and onions with just the right amount of Cheesy goodness !",Payment,Authentic by Zee,,RJCX7J897D7SEPSVA0W9BNXMBW,,ea,1
6/29/2019,11:28:47,Eastern Time (US & Canada),Chicken,Curry chicken,1,Regular,,,$6.50 ,$0.00 ,$6.50 ,$0.78 ,DPJRw8BUHLxocMUmxsdDUDoeV,Pci4qXJJHApHIbp8sTpwquMF,,"Single plates are served with 2 side items of you choice.
Pans are served for catering events, typically for parties of 10 or more.",Payment,Authentic by Zee,,359D7MA13X2VGSZGCNZXVY3Q2R,,ea,1
6/29/2019,11:15:43,Eastern Time (US & Canada),None,Wings,1,Regular,,,$5.75 ,$0.00 ,$5.75 ,$0.69 ,btw2js7nwWXRQpXVDDixwLkeV,"RMwnG1RDmf3bCCnbfM3nKQB, dVhASpfuJBNlV8rTFtYolvMF",,,Payment,Authentic by Zee,,", ",", ",ea,1
6/29/2019,11:15:43,Eastern Time (US & Canada),None,Custom Amount,1,,,,$8.50 ,$0.00 ,$8.50 ,$0.42 ,btw2js7nwWXRQpXVDDixwLkeV,"RMwnG1RDmf3bCCnbfM3nKQB, dVhASpfuJBNlV8rTFtYolvMF",,,Payment,Authentic by Zee,,", ",", ",ea,1
6/29/2019,11:14:30,Eastern Time (US & Canada),None,Chicken Fajitas,1,Regular,,,$7.50 ,$0.00 ,$7.50 ,$0.90 ,D5Yg52Mmg7UZYunMIwGvxzAfV,qLqcY4RCkDKxaQcZDHQBxwMF,,"Chicken Breast grilled and cut up served on a flour tortilla, with seared bell peppers and onions with just the right amount of Cheesy goodness !",Payment,Authentic by Zee,,,,ea,1
6/29/2019,11:13:54,Eastern Time (US & Canada),None,Custom Amount,1,,,,$6.00 ,$0.00 ,$6.00 ,$0.30 ,fnMGvOFsSn3JSPNCrT7Dl85eV,mPYztn32MiWmK5QSTEVcTxMF,,,Payment,Authentic by Zee,,DK1MQE8T5S3HAJ8YBCGRJ7CSJG,,ea,1
6/29/2019,11:11:12,Eastern Time (US & Canada),None,Chicken Fajitas,1,Regular,,,$7.50 ,$0.00 ,$7.50 ,$0.90 ,t4BMiGJ6bJddXydneVX7xUheV,EBzD4bYsj55iAMeZtY78zvMF,,"Chicken Breast grilled and cut up served on a flour tortilla, with seared bell peppers and onions with just the right amount of Cheesy goodness !",Payment,Authentic by Zee,,MVHN15E2W92R2V53BJXQEX8694,,ea,1
6/27/2019,11:58:39,Eastern Time (US & Canada),Chicken,Jerk Chicken,1,Regular,,,$7.50 ,$0.00 ,$7.50 ,$0.90 ,jFMxQuv0IKtynTKVBLcqWEveV,LWqv9UWMwepEHPoGO8WghvMF,,Juicy Grilled Leg Quarters steamed down in the perfect sweet and Spicy sauce!,Payment,Authentic by Zee,,RJCX7J897D7SEPSVA0W9BNXMBW,,ea,1
6/27/2019,11:20:16,Eastern Time (US & Canada),None,Custom Amount,1,,,,$10.00 ,$0.00 ,$10.00 ,$0.50 ,J8M6DZq7l1Xnax25mccxWjreV,Qrt0I7LccVVC2FvsRWcWfwMF,,,Payment,Authentic by Zee,,XNMDRQPM1S328G2JXMGNYCR9B0,,ea,1
6/27/2019,11:09:46,Eastern Time (US & Canada),None,Wings,1,Regular,,,$5.75 ,$0.00 ,$5.75 ,$0.69 ,D3d9MN6TKyoMdzqjDWMw9AzeV,nPghoTTOWvYUpauNoiQxSyMF,,,Payment,Authentic by Zee,,4H8BH8STMN070R93MKY08JGJYG,,ea,1
6/27/2019,11:08:59,Eastern Time (US & Canada),None,Chicken Fajitas,1,Regular,,,$7.50 ,$0.00 ,$7.50 ,$0.90 ,dKQtQHE9d0CSUtrr3u2wqAseV,xvXhcdhqAaydcfjhK8PnQtMF,,"Chicken Breast grilled and cut up served on a flour tortilla, with seared bell peppers and onions with just the right amount of Cheesy goodness !",Payment,Authentic by Zee,,QKTQVDQTWN40YNCDDZJSAN90RR,,ea,1
6/25/2019,11:24:48,Eastern Time (US & Canada),None,Custom Amount,1,,,,$8.50 ,$0.00 ,$8.50 ,$0.42 ,3T6dJdZSY83OX4QTQQZ87E5eV,4YfnrFn8dfDJ6rmkKAqf7tMF,,,Payment,Authentic by Zee,,WNE7WFW5A92Y4GA96RCY7KJ4R8,,ea,1
6/25/2019,11:23:07,Eastern Time (US & Canada),None,Chicken Fajitas,1,Regular,,,$7.50 ,$0.00 ,$7.50 ,$0.90 ,tC4jJASlMM5EqJt3GPxMDZieV,6Xt2yUEMJn2GXNrsG7sh4uMF,,"Chicken Breast grilled and cut up served on a flour tortilla, with seared bell peppers and onions with just the right amount of Cheesy goodness !",Payment,Authentic by Zee,,VXVT548H4N542MH76NJJSGQ79M,,ea,1
6/25/2019,11:09:31,Eastern Time (US & Canada),None,Custom Amount,1,,,,$9.50 ,$0.00 ,$9.50 ,$0.48 ,lovUl49zSpfF4HUX0k8ECrqeV,QVai40zef96iFJ7VhIOX8wMF,,,Payment,Authentic by Zee,,6MGPC8QKGS36GYP1P37NTYN6KM,,ea,1
6/25/2019,11:09:01,Eastern Time (US & Canada),None,Custom Amount,1,,,,$9.50 ,$0.00 ,$9.50 ,$0.48 ,XTwwzHLC2NJf9CZD6PHMeAxeV,gkwTKvKIVsvByauxaOzPnzMF,,,Payment,Authentic by Zee,,6MGPC8QKGS36GYP1P37NTYN6KM,,ea,1
6/25/2019,11:08:28,Eastern Time (US & Canada),None,Custom Amount,1,,,,$5.00 ,$0.00 ,$5.00 ,$0.25 ,bZANCtpJXU5aWllpWW5iGNweV,EFyufhMw5rwT72eucEvwQsMF,,,Payment,Authentic by Zee,,MVHN15E2W92R2V53BJXQEX8694,,ea,1
6/25/2019,11:07:58,Eastern Time (US & Canada),None,Custom Amount,1,,,,$5.00 ,$0.00 ,$5.00 ,$0.25 ,n9pETndoyUt0z6iUXhUHxgfeV,HZKFKTG16b45dP4TVvh6dsMF,,,Payment,Authentic by Zee,,4H8BH8STMN070R93MKY08JGJYG,,ea,1
6/22/2019,11:42:08,Eastern Time (US & Canada),None,Wings,1,Regular,,,$5.75 ,$0.00 ,$5.75 ,$0.69 ,LT1ZTT64mRUkvxRwkoWAQqAfV,MUHLCkNJJ9m7iNq0JJYv6xMF,,,Payment,Authentic by Zee,,359D7MA13X2VGSZGCNZXVY3Q2R,,ea,1
6/22/2019,11:27:58,Eastern Time (US & Canada),None,Custom Amount,1,,,,$9.50 ,$0.00 ,$9.50 ,$0.48 ,1E3LfbhNKbA8Vz6qR7Uu2z4eV,JCL4T5iH9IdQY4zXsreyLzMF,,,Payment,Authentic by Zee,,3D9S2PT3H92CMVRVVG3CRRC1VR,,ea,1
6/22/2019,11:08:09,Eastern Time (US & Canada),Chicken,Jerk Chicken,1,Regular,,,$7.50 ,$0.00 ,$7.50 ,$0.90 ,VATaDk3YGd0X7vcPPQcpO2neV,IuR4p30wDgmj5kOgXs2TvuMF,,Juicy Grilled Leg Quarters steamed down in the perfect sweet and Spicy sauce!,Payment,Authentic by Zee,,28ESB07A1N5WEZ28R0S2H6RHP4,,ea,1
6/20/2019,12:05:44,Eastern Time (US & Canada),Chicken,Jerk Chicken,1,Regular,,,$7.50 ,$0.00 ,$7.50 ,$0.90 ,F6u9W2uyrJ65kqXKvwIdrz5eV,bwkJXailbTHcFKLGBC3ABzMF,,Juicy Grilled Leg Quarters steamed down in the perfect sweet and Spicy sauce!,Payment,Authentic by Zee,,75D138BHEX6ZPSSKPBAEF4TTN4,,ea,1
6/20/2019,12:00:13,Eastern Time (US & Canada),None,Custom Amount,1,,,,$5.99 ,$0.00 ,$5.99 ,$0.30 ,1Ou2e2PhNL4itKmqTv2cGKmeV,Jr4DqrMsYRkku0ivWg3FvwMF,,,Payment,Authentic by Zee,,359D7MA13X2VGSZGCNZXVY3Q2R,,ea,1
6/20/2019,11:59:21,Eastern Time (US & Canada),Chicken,BBQ Chicken,1,Regular,,,$6.00 ,$0.00 ,$6.00 ,$0.72 ,1YphK03l9j28BcTZjWqsNureV,4ikykd3zitISv9f5iKx9tsMF,,"Grilled Leg Quarters, stewed in HFCS Free BBQ sauce. 
Single plates are served with 2 side items of your choice.
Pans are served for catering events, typically with parties of 10 or more.",Payment,Authentic by Zee,,RJCX7J897D7SEPSVA0W9BNXMBW,,ea,1
6/20/2019,11:17:08,Eastern Time (US & Canada),None,Wings,1,Regular,,,$5.75 ,$0.00 ,$5.75 ,$0.69 ,Zo6yC4lrI1rhSufjtdicEezeV,OvipwyPi7bQ158THNoqavxMF,,,Payment,Authentic by Zee,,P99XYEVCNN44MMZFFGHWZ0VBSC,,ea,1
6/20/2019,11:10:29,Eastern Time (US & Canada),None,Custom Amount,1,,,,$5.75 ,$0.00 ,$5.75 ,$0.29 ,Fq0EKaTOUrq9YzrR1rnrhzreV,tpJztQ00Oj9VVGEhW7tdvwMF,,,Payment,Authentic by Zee,,A2FENSPK1H3ZYP6MCA11CQS43C,,ea,1
6/20/2019,11:08:10,Eastern Time (US & Canada),None,Custom Amount,1,,,,$5.00 ,$0.00 ,$5.00 ,$0.25 ,JE8u2ZlM2saBwdQrgCx4zp7eV,Obw8XBz30gtb3nuwDTZwQtMF,,,Payment,Authentic by Zee,,4H8BH8STMN070R93MKY08JGJYG,,ea,1
6/18/2019,15:50:34,Eastern Time (US & Canada),Chicken,Seared Blackened Chicken Breast,2,Whole Pan,,,$230.00 ,($17.54),$212.46 ,$14.87 ,PzUlXiRMUVIPLyOHR7qBf4leV,jHdUByzYvRWZsNo1QH1z1sMF,,"Half Pan available serves 15-20
Whole Pan available serves 35-40",Payment,Authentic by Zee,,D666912Z9X4S7B6JBCQF4BP0M0,,ea,2
6/18/2019,15:50:34,Eastern Time (US & Canada),Chicken,Jerk Chicken,3,Whole Pan (Mixed),,,$435.00 ,($33.17),$401.83 ,$28.13 ,PzUlXiRMUVIPLyOHR7qBf4leV,jHdUByzYvRWZsNo1QH1z1sMF,,"Grilled to bronzed, then stewed down in a as hot as you can stand it homemade Jerk Sauce.",Payment,Authentic by Zee,,D666912Z9X4S7B6JBCQF4BP0M0,,ea,3
6/18/2019,15:50:34,Eastern Time (US & Canada),Sides,Baked Mac,4,Whole Pan,,,$240.00 ,($18.30),$221.70 ,$15.52 ,PzUlXiRMUVIPLyOHR7qBf4leV,jHdUByzYvRWZsNo1QH1z1sMF,,"Creamy Mac & Cheese mixed with ground beef, sauteed with onions and green and red bell peppers, seasoned to perfection an baked golden brown.",Payment,Authentic by Zee,,D666912Z9X4S7B6JBCQF4BP0M0,,ea,4
6/18/2019,15:50:34,Eastern Time (US & Canada),Sides,CORNBREAD CASSEROLE ,5,Whole Pan,,,$175.00 ,($13.35),$161.65 ,$11.32 ,PzUlXiRMUVIPLyOHR7qBf4leV,jHdUByzYvRWZsNo1QH1z1sMF,,,Payment,Authentic by Zee,,D666912Z9X4S7B6JBCQF4BP0M0,,ea,5
6/18/2019,15:50:34,Eastern Time (US & Canada),Dessert,Oreo Deloght,4,Full Pan,,,$100.00 ,($7.63),$92.37 ,$6.46 ,PzUlXiRMUVIPLyOHR7qBf4leV,jHdUByzYvRWZsNo1QH1z1sMF,,"Oreo cookie crust layered with chocolate pudding, and a light airy cool whip!",Payment,Authentic by Zee,,D666912Z9X4S7B6JBCQF4BP0M0,,ea,4
6/18/2019,15:50:34,Eastern Time (US & Canada),Speciality ,Curry Tofu,15,Regular,,,$131.25 ,($10.01),$121.24 ,$10.91 ,PzUlXiRMUVIPLyOHR7qBf4leV,jHdUByzYvRWZsNo1QH1z1sMF,,,Payment,Authentic by Zee,,D666912Z9X4S7B6JBCQF4BP0M0,,ea,15
6/18/2019,11:52:30,Eastern Time (US & Canada),None,Custom Amount,1,,,,$8.50 ,$0.00 ,$8.50 ,$0.17 ,bnx49Xy4ptm1CbZFmxWhY8weV,nE42nXKwubmKJdIjfreoytMF,,,Payment,Authentic by Zee,,5GCR5D4ANH3AGZCZ9KDJTR78FR,,ea,1
6/18/2019,11:48:16,Eastern Time (US & Canada),None,Custom Amount,1,,,,$5.10 ,$0.00 ,$5.10 ,$0.10 ,3NRWtSWaTGo0WnjSFdYYC91eV,HUGAL75nHjOrG2dpN9p76yMF,,,Payment,Authentic by Zee,,QKTQVDQTWN40YNCDDZJSAN90RR,,ea,1
6/18/2019,11:47:04,Eastern Time (US & Canada),None,Custom Amount,1,,,,$6.10 ,$0.00 ,$6.10 ,$0.12 ,TxIiWXie1tR1PZEauUkCLojeV,B1ECYTtQ1XLFBcS9oJHNCwMF,,,Payment,Authentic by Zee,,1EF0JSFCX14XVAQ17TARTADCW4,,ea,1
6/18/2019,11:45:34,Eastern Time (US & Canada),None,Custom Amount,1,,,,$8.50 ,$0.00 ,$8.50 ,$0.17 ,Xb2DQrsaSJTrufdwGuZcgyueV,KCjkouVVgqDpmcnExRUg0xMF,,,Payment,Authentic by Zee,,MVHN15E2W92R2V53BJXQEX8694,,ea,1
6/18/2019,11:44:13,Eastern Time (US & Canada),None,Subs,1,Regular,,,$7.00 ,$0.00 ,$7.00 ,$0.63 ,ZAGolo30OM187WMWgQQ9lFoeV,el6cnfzaXsXRw3vcsafs4xMF,,,Payment,Authentic by Zee,,9FY2KQCGFX3E7A6SR5D0YPWCSM,,ea,1
6/18/2019,11:43:05,Eastern Time (US & Canada),None,Wings,1,Regular,,,$5.75 ,$0.00 ,$5.75 ,$0.52 ,XpFRnIezdUez4gI5XVCARJ9eV,PU8WYL0WbyOEU99ZKQRbrsMF,,,Payment,Authentic by Zee,,,,ea,1
6/18/2019,11:42:44,Eastern Time (US & Canada),None,Wings,1,Regular,,,$5.75 ,$0.00 ,$5.75 ,$0.52 ,Tl0RdDpgirEmlqEEzoJGMGxeV,1lY0T9EQmKvyDR2ZetuWbuMF,,,Payment,Authentic by Zee,,28ESB07A1N5WEZ28R0S2H6RHP4,,ea,1
6/15/2019,12:44:03,Eastern Time (US & Canada),None,Custom Amount,1,,,,$9.00 ,$0.00 ,$9.00 ,$0.18 ,TtYb8UNCrfgKk7Cz7keIK5heV,nwRuBqe1vh4OXJxhwidGAwMF,,,Payment,Authentic by Zee,,A2FENSPK1H3ZYP6MCA11CQS43C,,ea,1
6/15/2019,12:05:12,Eastern Time (US & Canada),Chicken,BBQ Chicken,1,Regular,,,$6.00 ,$0.00 ,$6.00 ,$0.54 ,xKnVvedoRhsvh9xVsiQBTifeV,KYZGX1XjeavVLDhsDVYeMyMF,,"Grilled Leg Quarters, stewed in HFCS Free BBQ sauce. 
Single plates are served with 2 side items of your choice.
Pans are served for catering events, typically with parties of 10 or more.",Payment,Authentic by Zee,,VTZP99C8714SCMQXPZDEB0129C,,ea,1
6/15/2019,11:51:54,Eastern Time (US & Canada),Speciality ,Mahi Mahi,1,Regular,,,$11.00 ,$0.00 ,$11.00 ,$0.99 ,twLLGY0o4Oe7RlTKmXm9SjneV,T3jWetaQnZzVwdcowAe3JQB,,,Payment,Authentic by Zee,,,,ea,1
6/15/2019,11:50:10,Eastern Time (US & Canada),None,Custom Amount,1,,,,$8.50 ,$0.00 ,$8.50 ,$0.17 ,JQgtuXUE5FvYbWN6qq5uIf3eV,3uR6jq0bn3JlN41y2gal9tMF,,,Payment,Authentic by Zee,,RJCX7J897D7SEPSVA0W9BNXMBW,,ea,1
6/15/2019,11:49:28,Eastern Time (US & Canada),None,Custom Amount,1,,,,$5.00 ,$0.00 ,$5.00 ,$0.10 ,pWP7gRP1TDvBVhFpEoFWpCheV,cbhNfcPHr53IH2RZGMa4utMF,,,Payment,Authentic by Zee,,4H8BH8STMN070R93MKY08JGJYG,,ea,1
6/15/2019,11:47:53,Eastern Time (US & Canada),Beef,Stew Beef,1,Regular,,,$9.00 ,$0.00 ,$9.00 ,$0.81 ,doVGftxVN3Zy3OiKrbFcvLleV,C3HpNGrFwAKtcGceX9IEvtMF,,,Payment,Authentic by Zee,,KYHWSEFE8N2BRXNPH2PJ5Z6P88,,ea,1
6/15/2019,11:46:37,Eastern Time (US & Canada),None,Chicken Fajitas,1,Regular,,,$7.50 ,$0.00 ,$7.50 ,$0.67 ,TrHTkeI3dT1q3PUlbgnz78ieV,bzOUVd3SSBKPNLOyBGg0wuMF,,"Chicken Breast grilled and cut up served on a flour tortilla, with seared bell peppers and onions with just the right amount of Cheesy goodness !",Payment,Authentic by Zee,,,,ea,1
6/15/2019,11:46:05,Eastern Time (US & Canada),None,Custom Amount,1,,,,$9.00 ,$0.00 ,$9.00 ,$0.18 ,rndoZL2Vh0s2dvM2Zds6lZqeV,8NGvI77npVQQ0HpmXle9xzMF,,,Payment,Authentic by Zee,,F13TNZK76568CGJTEFP7EXAK0G,,ea,1
6/15/2019,11:45:26,Eastern Time (US & Canada),Chicken,Jerk Chicken,1,Regular,,,$7.50 ,$0.00 ,$7.50 ,$0.67 ,p6RzWiQOvBceadQAXG3qlsueV,U4BznkKtekFp5ZB9Lrdp1vMF,,Juicy Grilled Leg Quarters steamed down in the perfect sweet and Spicy sauce!,Payment,Authentic by Zee,,1ZF13XEPN50ZTW3CC45HAF9RW0,,ea,1
6/15/2019,11:42:24,Eastern Time (US & Canada),None,Chicken Fajitas,1,Regular,,,$7.50 ,$0.00 ,$7.50 ,$0.67 ,N0DEZbLhukfNa6FetLceVV6eV,oMbwSucgXYKxLTkh0w661zMF,,"Chicken Breast grilled and cut up served on a flour tortilla, with seared bell peppers and onions with just the right amount of Cheesy goodness !",Payment,Authentic by Zee,,ZS8GG073HN3FMVP8MP57FQQ1TW,,ea,1
6/15/2019,11:42:02,Eastern Time (US & Canada),Beef,Stew Beef,1,Regular,,,$9.00 ,$0.00 ,$9.00 ,$0.81 ,tKqUwr74D6FaKljmJtUGixoeV,cYq2tAIRvs6D1FCtLtWIZsMF,,,Payment,Authentic by Zee,,TMRV0YK045202KTR4P0ZMD71P8,,ea,1
6/15/2019,11:41:26,Eastern Time (US & Canada),None,Chicken Fajitas,1,Regular,,,$7.50 ,$0.00 ,$7.50 ,$0.67 ,HZ5DqGNyb9QP5qFnbdS0Xh8eV,LsMMHKn4bNGAFM0pJ9UubwMF,,"Chicken Breast grilled and cut up served on a flour tortilla, with seared bell peppers and onions with just the right amount of Cheesy goodness !",Payment,Authentic by Zee,,QQ7D7V08N56JRV35FBMZNCS8C4,,ea,1
6/15/2019,11:41:01,Eastern Time (US & Canada),None,Custom Amount,1,,,,$5.00 ,$0.00 ,$5.00 ,$0.10 ,tygZmHCQRJ8XuTbulwJhdL3eV,tpuitdGqnuJmD1En2MtYPwMF,,,Payment,Authentic by Zee,,V6F7YBNS1N51MTCG1XEPXK8260,,ea,1
6/13/2019,12:13:46,Eastern Time (US & Canada),Chicken,BBQ Chicken,1,Regular,,,$6.00 ,$0.00 ,$6.00 ,$0.54 ,diM3lVchiIkwqHxtzmKktEfeV,TRg9Nsmf3BzI77duiJgHrwMF,,"Grilled Leg Quarters, stewed in HFCS Free BBQ sauce. 
Single plates are served with 2 side items of your choice.
Pans are served for catering events, typically with parties of 10 or more.",Payment,Authentic by Zee,,CG1T2E99VN4KCMA57NWD0RNVRR,,ea,1
6/13/2019,12:11:15,Eastern Time (US & Canada),None,Chicken Fajitas,1,Regular,,,$7.50 ,$0.00 ,$7.50 ,$0.67 ,zT10EKsoV5aMAid9VE0Itu3eV,mt7xcsEZ9soKUVMEG19E0wMF,,"Chicken Breast grilled and cut up served on a flour tortilla, with seared bell peppers and onions with just the right amount of Cheesy goodness !",Payment,Authentic by Zee,,7CP9AZ8R592A0KQFAV58HCHQEW,,ea,1
6/13/2019,12:09:38,Eastern Time (US & Canada),Chicken,Curry chicken,1,Regular,,,$6.50 ,$0.00 ,$6.50 ,$0.59 ,p8yzsFsg8XaN42ZBxLE2wOoeV,qJ3Ar8VDRSW8GWZKy6jetwMF,,"Single plates are served with 2 side items of you choice.
Pans are served for catering events, typically for parties of 10 or more.",Payment,Authentic by Zee,,RJCX7J897D7SEPSVA0W9BNXMBW,,ea,1
6/13/2019,12:02:45,Eastern Time (US & Canada),Chicken,BBQ Chicken,1,Regular,,,$6.00 ,$0.00 ,$6.00 ,$0.54 ,TTdSjIFYEOm1zKSKcIbVnkteV,mn7keKPfjtc55K3haTKzcvMF,,"Grilled Leg Quarters, stewed in HFCS Free BBQ sauce. 
Single plates are served with 2 side items of your choice.
Pans are served for catering events, typically with parties of 10 or more.",Payment,Authentic by Zee,,DXJGKRQ8AX0WJVEBCQNX4XC2PC,,ea,1
6/13/2019,11:50:00,Eastern Time (US & Canada),None,Wings,1,Fried,8,,$5.00 ,$0.00 ,$5.00 ,$0.45 ,do14GAnoA9RfJvAgLUVUrxkeV,3laNQdR1F1DkBJgwT0lasuMF,,,Payment,Authentic by Zee,,,,ea,1
6/13/2019,11:49:15,Eastern Time (US & Canada),Chicken,Curry chicken,1,Regular,,,$6.50 ,$0.00 ,$6.50 ,$0.59 ,DLTphUdLrvh0t19arDplC04eV,7v7fAtwfWnkhU1PXe6nzNxMF,,"Single plates are served with 2 side items of you choice.
Pans are served for catering events, typically for parties of 10 or more.",Payment,Authentic by Zee,,VSW1XKEV415DYJQ3JETS8WDP5G,,ea,1
6/13/2019,11:46:05,Eastern Time (US & Canada),None,Chicken Fajitas,1,Regular,,,$7.50 ,$0.00 ,$7.50 ,$0.67 ,RcyiDewqCmIGdNIlzefNZWneV,"Ns5LEqrQp9dX8jKFtZ0SKQB, MWl6jGfWr7QhGT5dpiDMUvMF, LrxWBCTGj6TwAhr6HmWTEwMF",,"Chicken Breast grilled and cut up served on a flour tortilla, with seared bell peppers and onions with just the right amount of Cheesy goodness !",Payment,Authentic by Zee,,", KYHWSEFE8N2BRXNPH2PJ5Z6P88, KYHWSEFE8N2BRXNPH2PJ5Z6P88",", , ",ea,1
6/13/2019,11:44:44,Eastern Time (US & Canada),None,Custom Amount,1,,,,$5.00 ,$0.00 ,$5.00 ,$0.10 ,hiR8oQRp4JtSvnKDpaPltjAfV,6MGK8C4gA81lCzvK1bTRCtMF,,,Payment,Authentic by Zee,,V6F7YBNS1N51MTCG1XEPXK8260,,ea,1
6/13/2019,11:44:19,Eastern Time (US & Canada),Chicken,Jerk Chicken,1,Regular,,,$7.50 ,$0.00 ,$7.50 ,$0.67 ,xeBPCPb4uZSFjxOVO5r8FFseV,vfc64a60PUDkXUnSMOWtgsMF,,Juicy Grilled Leg Quarters steamed down in the perfect sweet and Spicy sauce!,Payment,Authentic by Zee,,9FY2KQCGFX3E7A6SR5D0YPWCSM,,ea,1
6/13/2019,11:42:42,Eastern Time (US & Canada),None,Custom Amount,1,,,,$9.00 ,$0.00 ,$9.00 ,$0.18 ,XdRYeGv7RtC8S2xuohd4mqxeV,TWxMaZzgombJGI5oidBZbsMF,,,Payment,Authentic by Zee,,P99XYEVCNN44MMZFFGHWZ0VBSC,,ea,1
6/11/2019,11:58:14,Eastern Time (US & Canada),None,Custom Amount,1,,,,$8.50 ,$0.00 ,$8.50 ,$0.17 ,9aAbrHAtgjJCZC48bmYU9R0eV,eRFNimmn7WU5AKkOFOgdUvMF,,,Payment,Authentic by Zee,,1EF0JSFCX14XVAQ17TARTADCW4,,ea,1
6/11/2019,11:56:20,Eastern Time (US & Canada),None,Custom Amount,1,,,,$5.75 ,$0.00 ,$5.75 ,$0.12 ,7rbWoDYLgyoBCZRxiREu6qeeV,jqpt9OVvDrpszIKblbaZhsMF,,,Payment,Authentic by Zee,,TMRV0YK045202KTR4P0ZMD71P8,,ea,1
6/11/2019,11:56:20,Eastern Time (US & Canada),None,Custom Amount,1,,,,$2.00 ,$0.00 ,$2.00 ,$0.04 ,7rbWoDYLgyoBCZRxiREu6qeeV,jqpt9OVvDrpszIKblbaZhsMF,,,Payment,Authentic by Zee,,TMRV0YK045202KTR4P0ZMD71P8,,ea,1
6/11/2019,11:54:16,Eastern Time (US & Canada),None,Custom Amount,1,,,,$5.75 ,$0.00 ,$5.75 ,$0.12 ,tqsNYtSwuMXckMmvRWXSK5jeV,87SkgndEWsn1E7v3fk7cixMF,,,Payment,Authentic by Zee,,359D7MA13X2VGSZGCNZXVY3Q2R,,ea,1
6/11/2019,11:41:46,Eastern Time (US & Canada),None,Custom Amount,1,,,,$8.50 ,$0.00 ,$8.50 ,$0.17 ,tKKkUxr9nzr7vejoZJBHHOieV,2IpVf7eCjQmkpcewAjS5ovMF,,,Payment,Authentic by Zee,,MVHN15E2W92R2V53BJXQEX8694,,ea,1
6/11/2019,11:41:04,Eastern Time (US & Canada),None,Custom Amount,1,,,,$6.00 ,$0.00 ,$6.00 ,$0.12 ,xGHoGr2YG2C5E2DJ1rUWH0feV,EgrlfVgj3KobkCTBFgDdosMF,,,Payment,Authentic by Zee,,V6F7YBNS1N51MTCG1XEPXK8260,,ea,1
6/11/2019,11:40:34,Eastern Time (US & Canada),None,Custom Amount,1,,,,$5.00 ,$0.00 ,$5.00 ,$0.10 ,NOu33lLyo9qQFMslOTcfZWgeV,N7aHz8brqKPpKKwO76GUYsMF,,,Payment,Authentic by Zee,,4H8BH8STMN070R93MKY08JGJYG,,ea,1
6/11/2019,11:40:07,Eastern Time (US & Canada),None,Custom Amount,1,,,,$8.50 ,$0.00 ,$8.50 ,$0.17 ,9ABStiPakhGUArqy5Pk42cqeV,htqSvZAz7grDYQyJ1oSeBtMF,,,Payment,Authentic by Zee,,,,ea,1
6/11/2019,11:37:16,Eastern Time (US & Canada),None,Custom Amount,1,,,,$8.50 ,$0.00 ,$8.50 ,$0.17 ,VMVSUCTDWrJcgk1ur9M8xtmeV,f99X6oPdrRKr0grQbd9QLQB,,,Payment,Authentic by Zee,,,,ea,1
6/8/2019,12:04:10,Eastern Time (US & Canada),None,Wings,1,Regular,,,$5.75 ,$0.00 ,$5.75 ,$0.52 ,p6bqjkQCPeYRi6Grwsxqg4ieV,BNvMDH7bLQ86NMhtbQfc7yMF,,,Payment,Authentic by Zee,,AZAEEY2HD538WRQDHETGQ656AW,,ea,1
6/8/2019,12:01:00,Eastern Time (US & Canada),None,Custom Amount,1,,,,$9.00 ,$0.00 ,$9.00 ,$0.18 ,9Ab92TnhJ9H70nBDcWz5EEleV,c2hUCLxkjcKx22AK2OIcQvMF,,,Payment,Authentic by Zee,,VXVT548H4N542MH76NJJSGQ79M,,ea,1
6/8/2019,11:54:57,Eastern Time (US & Canada),Chicken,Jerk Chicken,1,Regular,,,$7.50 ,$0.00 ,$7.50 ,$0.67 ,pmFEvQ3mitQzonTQL4ZpcaleV,fCZOTf0TWkJYI2mjfSjH7uMF,,Juicy Grilled Leg Quarters steamed down in the perfect sweet and Spicy sauce!,Payment,Authentic by Zee,,T6C5729Y8D6JPX491YXHXK3Z7M,,ea,1
6/8/2019,11:43:17,Eastern Time (US & Canada),None,Custom Amount,1,,,,$8.50 ,$0.00 ,$8.50 ,$0.17 ,rDrIpTqU35J1dgql4s1xfjjeV,Val90FqkSC54m0kSIAoTOwMF,,,Payment,Authentic by Zee,,K1R3K88H1X4BTP8ADG3RRJ3NWC,,ea,1
6/8/2019,11:42:17,Eastern Time (US & Canada),None,Custom Amount,1,,,,$5.00 ,$0.00 ,$5.00 ,$0.10 ,b3hg9QnFJfhJAzynkazK2b3eV,dZU8bDpyFuLnRZVtrj4PgyMF,,,Payment,Authentic by Zee,,V6F7YBNS1N51MTCG1XEPXK8260,,ea,1
6/8/2019,11:41:03,Eastern Time (US & Canada),Chicken,BBQ Chicken,1,Regular,,,$6.00 ,$0.00 ,$6.00 ,$0.54 ,3JVtfAZv21tN7sLKw7issuyeV,y1iw0uq0QiVjdKDkmhpmItMF,,"Grilled Leg Quarters, stewed in HFCS Free BBQ sauce. 
Single plates are served with 2 side items of your choice.
Pans are served for catering events, typically with parties of 10 or more.",Payment,Authentic by Zee,,TMRV0YK045202KTR4P0ZMD71P8,,ea,1
6/8/2019,11:40:28,Eastern Time (US & Canada),None,Wings,1,Regular,,,$5.75 ,$0.00 ,$5.75 ,$0.52 ,xUELCZBGGvlfpFy94Yc0QXieV,c662qk5La3MunVZdNwVfdtMF,,,Payment,Authentic by Zee,,MVHN15E2W92R2V53BJXQEX8694,,ea,1
6/8/2019,11:39:30,Eastern Time (US & Canada),None,Custom Amount,1,,,,$8.50 ,$0.00 ,$8.50 ,$0.17 ,PVtdPbgFML8H4FbC4j1MmV4eV,jcvbluoUXuaa0YyBKvHv3tMF,,,Payment,Authentic by Zee,,F13TNZK76568CGJTEFP7EXAK0G,,ea,1
6/8/2019,11:38:52,Eastern Time (US & Canada),Chicken,BBQ Chicken,1,Regular,,,$6.00 ,$0.00 ,$6.00 ,$0.54 ,pmZAO7txB7WxBawWQx9GadoeV,6Bz8oaYXSclx1kc8XLNcXtMF,,"Grilled Leg Quarters, stewed in HFCS Free BBQ sauce. 
Single plates are served with 2 side items of your choice.
Pans are served for catering events, typically with parties of 10 or more.",Payment,Authentic by Zee,,QQ7D7V08N56JRV35FBMZNCS8C4,,ea,1
6/8/2019,11:38:11,Eastern Time (US & Canada),None,Custom Amount,1,,,,$9.00 ,$0.00 ,$9.00 ,$0.18 ,35h5uhSCdxZ181pxQ5XZpcueV,DjZv7YFEBYB4AnjPBdhFlwMF,,,Payment,Authentic by Zee,,RKPQB4BXT5246JSAB7486RCC7R,,ea,1
6/6/2019,11:49:19,Eastern Time (US & Canada),Chicken,BBQ Chicken,1,Regular,,,$6.00 ,$0.00 ,$6.00 ,$0.54 ,1KIm7y2rzcElSPApg2uJfQmeV,lVvi7d2aGVh8qgNezA4JdvMF,,"Grilled Leg Quarters, stewed in HFCS Free BBQ sauce. 
Single plates are served with 2 side items of your choice.
Pans are served for catering events, typically with parties of 10 or more.",Payment,Authentic by Zee,,CG1T2E99VN4KCMA57NWD0RNVRR,,ea,1
6/6/2019,11:48:41,Eastern Time (US & Canada),Chicken,BBQ Chicken,1,Regular,,,$6.00 ,$0.00 ,$6.00 ,$0.54 ,Tv1t2o9vfvAoj4LShptA56neV,IJVAYAUSbJlKhQep6jtM6tMF,,"Grilled Leg Quarters, stewed in HFCS Free BBQ sauce. 
Single plates are served with 2 side items of your choice.
Pans are served for catering events, typically with parties of 10 or more.",Payment,Authentic by Zee,,MZGWBMXJGD3GWNVJC0B8QK8XJ8,,ea,1
6/6/2019,11:47:33,Eastern Time (US & Canada),None,Custom Amount,1,,,,$30.00 ,$0.00 ,$30.00 ,$0.60 ,1QxbiLVokdqus2pr4vO4cK8eV,p7NfmYMw61ODEXT6f23USyMF,,,Payment,Authentic by Zee,,359D7MA13X2VGSZGCNZXVY3Q2R,,ea,1
6/6/2019,11:47:33,Eastern Time (US & Canada),None,Custom Amount,1,,,,$2.00 ,$0.00 ,$2.00 ,$0.04 ,1QxbiLVokdqus2pr4vO4cK8eV,p7NfmYMw61ODEXT6f23USyMF,,,Payment,Authentic by Zee,,359D7MA13X2VGSZGCNZXVY3Q2R,,ea,1
6/6/2019,11:46:33,Eastern Time (US & Canada),None,Custom Amount,1,,,,$6.50 ,$0.00 ,$6.50 ,$0.13 ,ZUMa5XYa2tRObGCHILyGmazeV,mvtgLV1J51ukVxWWSkmYgzMF,,,Payment,Authentic by Zee,,J32RFP39E168GV18Z2C9XHHVQG,,ea,1
6/6/2019,11:42:39,Eastern Time (US & Canada),Chicken,BBQ Chicken,1,Regular,,,$6.00 ,$0.00 ,$6.00 ,$0.54 ,3DocLj2THKAmWvMzdovdxM9eV,WqoBucoayeaLh4ix3mBU1xMF,,"Grilled Leg Quarters, stewed in HFCS Free BBQ sauce. 
Single plates are served with 2 side items of your choice.
Pans are served for catering events, typically with parties of 10 or more.",Payment,Authentic by Zee,,4H8BH8STMN070R93MKY08JGJYG,,ea,1
6/6/2019,11:39:46,Eastern Time (US & Canada),None,Custom Amount,1,,,,$7.50 ,$0.00 ,$7.50 ,$0.15 ,lWq21spbr9dsQeyVKbdebQ9eV,mqVGKONTuLSi3UGSRvTeQzMF,,,Payment,Authentic by Zee,,QKTQVDQTWN40YNCDDZJSAN90RR,,ea,1
6/6/2019,11:38:52,Eastern Time (US & Canada),Chicken,Jerk Chicken,1,Regular,,,$7.50 ,$0.00 ,$7.50 ,$0.67 ,Pdrs6omHgC5k7BtPbotydQreV,lQvt10FCM2Cqwtf8Gr70fuMF,,Juicy Grilled Leg Quarters steamed down in the perfect sweet and Spicy sauce!,Payment,Authentic by Zee,,T6C5729Y8D6JPX491YXHXK3Z7M,,ea,1
6/6/2019,11:37:19,Eastern Time (US & Canada),None,Chicken Fajitas,1,Regular,,,$7.50 ,$0.00 ,$7.50 ,$0.67 ,X1Fm3SWP4mKhrvssuzfst6veV,czRzytALbrZsNdHBvSl0vzMF,,"Chicken Breast grilled and cut up served on a flour tortilla, with seared bell peppers and onions with just the right amount of Cheesy goodness !",Payment,Authentic by Zee,,0YHP831WSN50MRF7GHZCGW6WAW,,ea,1
6/4/2019,11:47:56,Eastern Time (US & Canada),None,Custom Amount,1,,,,$7.50 ,$0.00 ,$7.50 ,$0.15 ,LVokIvPoj1T22Ehf8lLiGhheV,hugeKZzkVXA6lCUzUIEtWxMF,,,Payment,Authentic by Zee,,VSW1XKEV415DYJQ3JETS8WDP5G,,ea,1
6/4/2019,11:47:21,Eastern Time (US & Canada),None,Custom Amount,1,,,,$5.75 ,$0.00 ,$5.75 ,$0.12 ,XbMquHUBYXO50npRkkOX1woeV,hr7pn3Yvu9jyY5pJUqy6vuMF,,,Payment,Authentic by Zee,,359D7MA13X2VGSZGCNZXVY3Q2R,,ea,1
6/4/2019,11:44:15,Eastern Time (US & Canada),None,Custom Amount,1,,,,$10.00 ,$0.00 ,$10.00 ,$0.20 ,leaC6ZngA7kXIATfpt3BEeyeV,FzACWJMPE19BHh8z3DOktvMF,,,Payment,Authentic by Zee,,T6C5729Y8D6JPX491YXHXK3Z7M,,ea,1
6/4/2019,11:41:50,Eastern Time (US & Canada),None,Custom Amount,1,,,,$8.50 ,$0.00 ,$8.50 ,$0.17 ,3tx2NwEKsRkgxZS1x5dE0yveV,fXRlcf66WCMvQdc22IOv1sMF,,,Payment,Authentic by Zee,,0YHP831WSN50MRF7GHZCGW6WAW,,ea,1
6/4/2019,11:40:57,Eastern Time (US & Canada),None,Custom Amount,1,,,,$5.75 ,$0.00 ,$5.75 ,$0.12 ,RW72CQRuFUW1xKjPOk8gUHueV,zAcBiHfHj4FX6IOqUJN4tsMF,,,Payment,Authentic by Zee,,ZS8GG073HN3FMVP8MP57FQQ1TW,,ea,1
6/4/2019,11:40:26,Eastern Time (US & Canada),None,Custom Amount,1,,,,$8.50 ,$0.00 ,$8.50 ,$0.17 ,3buX2jFIi8P3Ul3ifIAwMI4eV,Fyuwi4z0PlO4Oxjj0H0qGtMF,,,Payment,Authentic by Zee,,,,ea,1
6/4/2019,11:39:46,Eastern Time (US & Canada),None,Custom Amount,1,,,,$5.00 ,$0.00 ,$5.00 ,$0.10 ,9Ws8ANTVZd1tfrUSDnXAE0ieV,PLvHfTJOaJYTOF3X71tHGyMF,,,Payment,Authentic by Zee,,QKTQVDQTWN40YNCDDZJSAN90RR,,ea,1
6/4/2019,11:35:01,Eastern Time (US & Canada),None,Custom Amount,1,,,,$5.00 ,$0.00 ,$5.00 ,$0.10 ,FYN1YZLbmalgF03n7mIlbV6eV,EXZE2Wno7lyLKeExFpN6buMF,,,Payment,Authentic by Zee,,VXVT548H4N542MH76NJJSGQ79M,,ea,1
6/4/2019,11:34:31,Eastern Time (US & Canada),None,Custom Amount,1,,,,$5.00 ,$0.00 ,$5.00 ,$0.10 ,R6nlphaTXwyfeQQwJFCTAvAfV,dCiHzvHX7bwhGJ323t83vsMF,,,Payment,Authentic by Zee,,W30ZM9FF9X110H28VGRYXTWKJW,,ea,1
6/1/2019,11:59:40,Eastern Time (US & Canada),None,Custom Amount,1,,,,$5.00 ,$0.00 ,$5.00 ,$0.10 ,pUqJmADJ5hAHuwT1gjUTjvleV,jDzj1icr9kVvUjHpZODJssMF,,,Payment,Authentic by Zee,,ZAM7VWRK4S25MWFS574KPQ8174,,ea,1
6/1/2019,11:51:03,Eastern Time (US & Canada),None,Custom Amount,1,,,,$8.50 ,$0.00 ,$8.50 ,$0.17 ,tQdk4x3dJseNxpHSgaCYMw7eV,vTIxsV09VlANtSmKCzVELQB,,,Payment,Authentic by Zee,,,,ea,1
6/1/2019,11:51:03,Eastern Time (US & Canada),None,Custom Amount,1,,,,$5.75 ,$0.00 ,$5.75 ,$0.11 ,tQdk4x3dJseNxpHSgaCYMw7eV,vTIxsV09VlANtSmKCzVELQB,,,Payment,Authentic by Zee,,,,ea,1
6/1/2019,11:44:32,Eastern Time (US & Canada),Chicken,Jerk Chicken,1,Regular,,,$7.50 ,$0.00 ,$7.50 ,$0.67 ,xU03yK8qlf90sBiUc1r07w4eV,bHtoAv7io0WURdL6ZLzhdxMF,,Juicy Grilled Leg Quarters steamed down in the perfect sweet and Spicy sauce!,Payment,Authentic by Zee,,ZS8GG073HN3FMVP8MP57FQQ1TW,,ea,1
6/1/2019,11:43:40,Eastern Time (US & Canada),Chicken,BBQ Chicken,1,Regular,,,$6.00 ,$0.00 ,$6.00 ,$0.54 ,tSQvxRdNEHKTDdjjBIfePa2eV,a2dAWHxgvmRtzPFu0IDG2yMF,,"Grilled Leg Quarters, stewed in HFCS Free BBQ sauce. 
Single plates are served with 2 side items of your choice.
Pans are served for catering events, typically with parties of 10 or more.",Payment,Authentic by Zee,,,,ea,1
6/1/2019,11:43:16,Eastern Time (US & Canada),Chicken,Jerk Chicken,1,Regular,,,$7.50 ,$0.00 ,$7.50 ,$0.67 ,rvh0RsazGYSOooctkT9kQR1eV,PBRINrLlhcpAu0UWsn7rKQB,,Juicy Grilled Leg Quarters steamed down in the perfect sweet and Spicy sauce!,Payment,Authentic by Zee,,,,ea,1
6/1/2019,11:43:16,Eastern Time (US & Canada),None,Custom Amount,1,,,,$5.00 ,$0.00 ,$5.00 ,$0.10 ,rvh0RsazGYSOooctkT9kQR1eV,PBRINrLlhcpAu0UWsn7rKQB,,,Payment,Authentic by Zee,,,,ea,1
6/1/2019,11:42:14,Eastern Time (US & Canada),None,Chicken Fajitas,1,Regular,,,$7.50 ,$0.00 ,$7.50 ,$0.67 ,1QtV6ovho8nroJPrlWZzvSreV,8fMNkDnQ6Gey1okxO6siUuMF,,"Chicken Breast grilled and cut up served on a flour tortilla, with seared bell peppers and onions with just the right amount of Cheesy goodness !",Payment,Authentic by Zee,,P99XYEVCNN44MMZFFGHWZ0VBSC,,ea,1
6/1/2019,11:41:12,Eastern Time (US & Canada),None,Custom Amount,1,,,,$5.75 ,$0.00 ,$5.75 ,$0.12 ,hu7CK89jK6EYeYt0oP8hg1yeV,vJPbmdcx7OTPWdBzR61LryMF,,,Payment,Authentic by Zee,,HZFRAH6A9X7XCY5JQV7X387CRM,,ea,1
6/1/2019,11:40:53,Eastern Time (US & Canada),None,Chicken Fajitas,1,Regular,,,$7.50 ,$0.00 ,$7.50 ,$0.67 ,LXpO7eL7edBeRoHZPlV30d8eV,naiI25XNwQJxhGSPxgflHwMF,,"Chicken Breast grilled and cut up served on a flour tortilla, with seared bell peppers and onions with just the right amount of Cheesy goodness !",Payment,Authentic by Zee,,,,ea,1
6/1/2019,11:40:31,Eastern Time (US & Canada),None,Custom Amount,1,,,,$5.75 ,$0.00 ,$5.75 ,$0.12 ,tu4MPU7GWmWHzk5E2fNfh53eV,8QiTOWV0sezqd73ig0VkIuMF,,,Payment,Authentic by Zee,,,,ea,1
6/1/2019,11:38:06,Eastern Time (US & Canada),Chicken,BBQ Chicken,1,Regular,,,$6.00 ,$0.00 ,$6.00 ,$0.54 ,xkKGoZdrK4nf7d7UgfQLuZxeV,Dn1DocrV9JWBgRewRxq0NxMF,,"Grilled Leg Quarters, stewed in HFCS Free BBQ sauce. 
Single plates are served with 2 side items of your choice.
Pans are served for catering events, typically with parties of 10 or more.",Payment,Authentic by Zee,,F13TNZK76568CGJTEFP7EXAK0G,,ea,1
6/1/2019,11:36:55,Eastern Time (US & Canada),None,Custom Amount,1,,,,$5.00 ,$0.00 ,$5.00 ,$0.10 ,lA9Tu3COKoL6zaPBFFarx79eV,V877bN9ITPZgRuzRrO3eLQB,,,Payment,Authentic by Zee,,,,ea,1
6/1/2019,11:36:55,Eastern Time (US & Canada),None,Custom Amount,1,,,,$5.00 ,$0.00 ,$5.00 ,$0.10 ,lA9Tu3COKoL6zaPBFFarx79eV,V877bN9ITPZgRuzRrO3eLQB,,,Payment,Authentic by Zee,,,,ea,1
6/1/2019,11:36:07,Eastern Time (US & Canada),None,Chicken Fajitas,1,Regular,,,$7.50 ,$0.00 ,$7.50 ,$0.67 ,tcfmSjSXp826NfKFARNyf7eeV,3NNtQQnr5qjXgtux2De6AvMF,,"Chicken Breast grilled and cut up served on a flour tortilla, with seared bell peppers and onions with just the right amount of Cheesy goodness !",Payment,Authentic by Zee,,2MJ11Z97R97W2NHFJXCY52NDNR,,ea,1
5/30/2019,12:23:32,Eastern Time (US & Canada),Chicken,Jerk Chicken,1,Regular,,,$7.50 ,$0.00 ,$7.50 ,$0.67 ,Jwig5KsBqOenTVmNWRUQaiAfV,vz4Zmcg1mHTjl0kq3MZMjzMF,,Juicy Grilled Leg Quarters steamed down in the perfect sweet and Spicy sauce!,Payment,Authentic by Zee,,A2FENSPK1H3ZYP6MCA11CQS43C,,ea,1
5/30/2019,12:08:27,Eastern Time (US & Canada),Chicken,Curry chicken,1,Regular,,,$6.50 ,$0.00 ,$6.50 ,$0.59 ,3Br2zFk4qi1DAsGnOuX8Q0veV,xvuN3j0vdV8LYLCD3omA9uMF,,"Single plates are served with 2 side items of you choice.
Pans are served for catering events, typically for parties of 10 or more.",Payment,Authentic by Zee,,MP2K88FG852TGWR6K1R6ASRZPW,,ea,1
5/30/2019,12:07:39,Eastern Time (US & Canada),None,Custom Amount,1,,,,$5.75 ,$0.00 ,$5.75 ,$0.12 ,VKMiGcw73lUgfmd3Sw2A4dreV,rk6z6baDc6GqCw85OevgExMF,,,Payment,Authentic by Zee,,AZAEEY2HD538WRQDHETGQ656AW,,ea,1
5/30/2019,11:55:23,Eastern Time (US & Canada),Chicken,Curry chicken,1,Regular,,,$6.50 ,$0.00 ,$6.50 ,$0.59 ,tamU98Hj5P22RUrqYJt4PbleV,zbnptvDB71NxLwzmPUZ0DuMF,,"Single plates are served with 2 side items of you choice.
Pans are served for catering events, typically for parties of 10 or more.",Payment,Authentic by Zee,,359D7MA13X2VGSZGCNZXVY3Q2R,,ea,1
5/30/2019,11:55:23,Eastern Time (US & Canada),None,Custom Amount,1,,,,$5.75 ,$0.00 ,$5.75 ,$0.11 ,tamU98Hj5P22RUrqYJt4PbleV,zbnptvDB71NxLwzmPUZ0DuMF,,,Payment,Authentic by Zee,,359D7MA13X2VGSZGCNZXVY3Q2R,,ea,1
5/30/2019,11:41:46,Eastern Time (US & Canada),None,Chicken Fajitas,1,Regular,,,$7.50 ,$0.00 ,$7.50 ,$0.67 ,TNQd7WspdJegVa3ZMQHflJzeV,p7mmPKFDNRbpWDnJMqNqWyMF,,"Chicken Breast grilled and cut up served on a flour tortilla, with seared bell peppers and onions with just the right amount of Cheesy goodness !",Payment,Authentic by Zee,,ZS8GG073HN3FMVP8MP57FQQ1TW,,ea,1
5/30/2019,11:41:26,Eastern Time (US & Canada),None,Chicken Fajitas,1,Regular,,,$7.50 ,$0.00 ,$7.50 ,$0.67 ,hA6RIur2MOMtOb9HTsyLTi2eV,gigQavMG4uPOebPLdRrSgyMF,,"Chicken Breast grilled and cut up served on a flour tortilla, with seared bell peppers and onions with just the right amount of Cheesy goodness !",Payment,Authentic by Zee,,TMRV0YK045202KTR4P0ZMD71P8,,ea,1
5/30/2019,11:40:23,Eastern Time (US & Canada),None,Chicken Fajitas,1,Regular,,,$7.50 ,$0.00 ,$7.50 ,$0.67 ,79ICl7ifpz9RltEg2hb4K8heV,GvBFVhgmhkGiVW8hMkHwAvMF,,"Chicken Breast grilled and cut up served on a flour tortilla, with seared bell peppers and onions with just the right amount of Cheesy goodness !",Payment,Authentic by Zee,,4H8BH8STMN070R93MKY08JGJYG,,ea,1
5/30/2019,11:39:16,Eastern Time (US & Canada),None,Custom Amount,1,,,,$5.75 ,$0.00 ,$5.75 ,$0.12 ,J4qIqxaSUtKbeay8HSkFq2weV,Ugbz30GSsXwtwA45wtkNGxMF,,,Payment,Authentic by Zee,,FHYFFWFZWX0BCJ0NR6P1RK5T04,,ea,1
5/30/2019,11:38:28,Eastern Time (US & Canada),Chicken,BBQ Chicken,1,Regular,,,$6.00 ,$0.00 ,$6.00 ,$0.54 ,Tp65S2OIOdd0AlQgEZgYg9heV,2Zi2hpdauHkKEPji9YhcIzMF,,"Grilled Leg Quarters, stewed in HFCS Free BBQ sauce. 
Single plates are served with 2 side items of your choice.
Pans are served for catering events, typically with parties of 10 or more.",Payment,Authentic by Zee,,MVHN15E2W92R2V53BJXQEX8694,,ea,1
5/30/2019,11:37:39,Eastern Time (US & Canada),None,Chicken Fajitas,1,Regular,,,$7.50 ,$0.00 ,$7.50 ,$0.67 ,V4P6P4IKGYfP5Kntkk6LVcAfV,sIUnLSC28N4UI5wLkO4qatMF,,"Chicken Breast grilled and cut up served on a flour tortilla, with seared bell peppers and onions with just the right amount of Cheesy goodness !",Payment,Authentic by Zee,,P99XYEVCNN44MMZFFGHWZ0VBSC,,ea,1
5/30/2019,11:37:39,Eastern Time (US & Canada),None,Brunch,1,Free,,,$0.00 ,$0.00 ,$0.00 ,$0.00 ,V4P6P4IKGYfP5Kntkk6LVcAfV,sIUnLSC28N4UI5wLkO4qatMF,,Every 2nd and 4th weekend Authentic will be holding our restaurant setting at a disclosed location!,Payment,Authentic by Zee,,P99XYEVCNN44MMZFFGHWZ0VBSC,,ea,1
5/30/2019,11:35:31,Eastern Time (US & Canada),None,Custom Amount,1,,,,$9.50 ,$0.00 ,$9.50 ,$0.19 ,xeBBtA1raztKmTYCCgnNA31eV,l8po9978qaS0GRp1gwMbLQB,,,Payment,Authentic by Zee,,,,ea,1
5/22/2019,11:53:24,Eastern Time (US & Canada),None,Custom Amount,1,,,,$5.75 ,$0.00 ,$5.75 ,$0.12 ,DhAkkZIQupUvjTyCLhQHm8oeV,pCCl5ty7ZVLz5R55GC1YsxMF,,,Payment,Authentic by Zee,,359D7MA13X2VGSZGCNZXVY3Q2R,,ea,1
5/22/2019,11:47:13,Eastern Time (US & Canada),None,Custom Amount,1,,,,$8.50 ,$0.00 ,$8.50 ,$0.17 ,tK4PIIAnaPBcpJqzjyRrWkteV,SsxhaeipwvyR5D9IP2NIdsMF,,,Payment,Authentic by Zee,,0YHP831WSN50MRF7GHZCGW6WAW,,ea,1
5/22/2019,11:47:13,Eastern Time (US & Canada),None,Custom Amount,1,,,,$8.50 ,$0.00 ,$8.50 ,$0.17 ,tK4PIIAnaPBcpJqzjyRrWkteV,SsxhaeipwvyR5D9IP2NIdsMF,,,Payment,Authentic by Zee,,0YHP831WSN50MRF7GHZCGW6WAW,,ea,1
5/22/2019,11:47:13,Eastern Time (US & Canada),None,Custom Amount,1,,,,$8.50 ,$0.00 ,$8.50 ,$0.17 ,tK4PIIAnaPBcpJqzjyRrWkteV,SsxhaeipwvyR5D9IP2NIdsMF,,,Payment,Authentic by Zee,,0YHP831WSN50MRF7GHZCGW6WAW,,ea,1
5/22/2019,11:46:40,Eastern Time (US & Canada),None,Custom Amount,1,,,,$9.00 ,$0.00 ,$9.00 ,$0.18 ,3NnfS14PoxQI3rzsBb4kT19eV,r6nJFvtMSSdUpwuQPLLNaxMF,,,Payment,Authentic by Zee,,75S305AXBN0ZRZX4EX4WANRB44,,ea,1
5/22/2019,11:46:40,Eastern Time (US & Canada),None,Custom Amount,1,,,,$8.50 ,$0.00 ,$8.50 ,$0.17 ,3NnfS14PoxQI3rzsBb4kT19eV,r6nJFvtMSSdUpwuQPLLNaxMF,,,Payment,Authentic by Zee,,75S305AXBN0ZRZX4EX4WANRB44,,ea,1
5/22/2019,11:45:52,Eastern Time (US & Canada),None,Chicken Fajitas,1,Regular,,,$7.50 ,$0.00 ,$7.50 ,$0.67 ,VAxPYppSKITSuXf6F42K0zoeV,4q6swd7MUqUFKO0r5tdaesMF,,"Chicken Breast grilled and cut up served on a flour tortilla, with seared bell peppers and onions with just the right amount of Cheesy goodness !",Payment,Authentic by Zee,,ZS8GG073HN3FMVP8MP57FQQ1TW,,ea,1
5/22/2019,11:45:24,Eastern Time (US & Canada),None,Chicken Fajitas,1,Regular,,,$7.50 ,$0.00 ,$7.50 ,$0.67 ,TPza9MEaDwxykak4vjwU4s4eV,OB0btRTvZ2xGK6UjbMCRJzMF,,"Chicken Breast grilled and cut up served on a flour tortilla, with seared bell peppers and onions with just the right amount of Cheesy goodness !",Payment,Authentic by Zee,,TMRV0YK045202KTR4P0ZMD71P8,,ea,1
5/21/2019,12:05:25,Eastern Time (US & Canada),None,Custom Amount,1,,,,$9.00 ,$0.00 ,$9.00 ,$0.18 ,ZIcL81fKr5WLnTMyAHs4uHneV,x1GPgOuwtQ5r4quBqYr5xzMF,,,Payment,Authentic by Zee,,RXVFB1ETAS66TJ5VGM18SHF910,,ea,1
5/21/2019,12:01:45,Eastern Time (US & Canada),None,Custom Amount,1,,,,$8.50 ,$0.00 ,$8.50 ,$0.17 ,fX447UAC70R8GNUrtfQaKgzeV,psnkggBN1sn7wFAiEgFzJtMF,,,Payment,Authentic by Zee,,RJCX7J897D7SEPSVA0W9BNXMBW,,ea,1
5/21/2019,12:00:17,Eastern Time (US & Canada),None,Custom Amount,1,,,,$5.75 ,$0.00 ,$5.75 ,$0.11 ,3lVi73RflAAgFHrso50j50feV,Ummt6JEjLrdajVzrjlcBBtMF,,,Payment,Authentic by Zee,,359D7MA13X2VGSZGCNZXVY3Q2R,,ea,1
5/21/2019,12:00:17,Eastern Time (US & Canada),None,Custom Amount,1,,,,$7.50 ,$0.00 ,$7.50 ,$0.15 ,3lVi73RflAAgFHrso50j50feV,Ummt6JEjLrdajVzrjlcBBtMF,,,Payment,Authentic by Zee,,359D7MA13X2VGSZGCNZXVY3Q2R,,ea,1
5/21/2019,11:51:48,Eastern Time (US & Canada),None,Custom Amount,1,,,,$5.75 ,$0.00 ,$5.75 ,$0.12 ,Nyc7WVYV0l7i2aItLaXVPY0eV,RQJB5mTNZWIWw1U0Ocx2uyMF,,,Payment,Authentic by Zee,,7EMNPP4QSD354GR9HMYR1B2YJG,,ea,1
5/21/2019,11:47:54,Eastern Time (US & Canada),None,Chicken Fajitas,1,Regular,,,$7.50 ,$0.00 ,$7.50 ,$0.67 ,NuQYp6k87qN8isRDCSIFEaveV,jdSHxS7T8uOIH8Nx6wOfsvMF,,"Chicken Breast grilled and cut up served on a flour tortilla, with seared bell peppers and onions with just the right amount of Cheesy goodness !",Payment,Authentic by Zee,,ZS8GG073HN3FMVP8MP57FQQ1TW,,ea,1
5/21/2019,11:47:26,Eastern Time (US & Canada),None,Chicken Fajitas,1,Regular,,,$7.50 ,$0.00 ,$7.50 ,$0.67 ,HFVeueZM3EWSEmTVX0P9J8yeV,a7M3P4EzjzTm2TmXiiY3FzMF,,"Chicken Breast grilled and cut up served on a flour tortilla, with seared bell peppers and onions with just the right amount of Cheesy goodness !",Payment,Authentic by Zee,,TMRV0YK045202KTR4P0ZMD71P8,,ea,1
5/18/2019,12:04:56,Eastern Time (US & Canada),None,Custom Amount,1,,,,$7.25 ,$0.00 ,$7.25 ,$0.14 ,JQSgLvCdyAAquacPaFcUPhweV,ik0PIDphMmWRteLIlfX6jzMF,,,Payment,Authentic by Zee,,A2FENSPK1H3ZYP6MCA11CQS43C,,ea,1
5/18/2019,11:59:38,Eastern Time (US & Canada),Chicken,BBQ Chicken,1,Regular,,,$6.00 ,$0.00 ,$6.00 ,$0.54 ,Bindh8qKwWq9Ng0ICEYW9OweV,Xdgb7hTAAmFLGDkpgd7x3sMF,,"Grilled Leg Quarters, stewed in HFCS Free BBQ sauce. 
Single plates are served with 2 side items of your choice.
Pans are served for catering events, typically with parties of 10 or more.",Payment,Authentic by Zee,,RJCX7J897D7SEPSVA0W9BNXMBW,,ea,1
5/18/2019,11:56:32,Eastern Time (US & Canada),Chicken,BBQ Chicken,1,Regular,,,$6.00 ,$0.00 ,$6.00 ,$0.54 ,nFpga3F8wR3FRkOaQe7fy7jeV,OlMCOQ7bVOtblcGigfC9pyMF,,"Grilled Leg Quarters, stewed in HFCS Free BBQ sauce. 
Single plates are served with 2 side items of your choice.
Pans are served for catering events, typically with parties of 10 or more.",Payment,Authentic by Zee,,0YHP831WSN50MRF7GHZCGW6WAW,,ea,1
5/18/2019,11:56:32,Eastern Time (US & Canada),None,Custom Amount,1,,,,$5.00 ,$0.00 ,$5.00 ,$0.10 ,nFpga3F8wR3FRkOaQe7fy7jeV,OlMCOQ7bVOtblcGigfC9pyMF,,,Payment,Authentic by Zee,,0YHP831WSN50MRF7GHZCGW6WAW,,ea,1
5/18/2019,11:52:32,Eastern Time (US & Canada),None,Custom Amount,1,,,,$5.00 ,$0.00 ,$5.00 ,$0.10 ,Fgd91taD9oQt6uWwgNoaTBreV,v85ZHoEAnSoy740qZN4r6uMF,,,Payment,Authentic by Zee,,,,ea,1
5/18/2019,11:51:59,Eastern Time (US & Canada),None,Custom Amount,1,,,,$8.00 ,$0.00 ,$8.00 ,$0.16 ,vNNNUvIvRQpcQ8rlWE3pWvieV,JydPwDk7YNxEL99CiZsq8zMF,,,Payment,Authentic by Zee,,ZS8GG073HN3FMVP8MP57FQQ1TW,,ea,1
5/18/2019,11:45:42,Eastern Time (US & Canada),Chicken,BBQ Chicken,1,Regular,,,$6.00 ,$0.00 ,$6.00 ,$0.54 ,vVljeXnx9xLFsMrcQ4oKRC0eV,bOedwbiqHd4OzyK9B23wgtMF,,"Grilled Leg Quarters, stewed in HFCS Free BBQ sauce. 
Single plates are served with 2 side items of your choice.
Pans are served for catering events, typically with parties of 10 or more.",Payment,Authentic by Zee,,MVHN15E2W92R2V53BJXQEX8694,,ea,1
5/18/2019,11:44:54,Eastern Time (US & Canada),None,Custom Amount,1,,,,$8.00 ,$0.00 ,$8.00 ,$0.16 ,btSBafwEgGqxfuAfLEeZDZ0eV,6GxjL11XJPTA1bBz83x17uMF,,,Payment,Authentic by Zee,,,,ea,1
5/18/2019,11:44:05,Eastern Time (US & Canada),None,Jerk Chicken,1,Regular,,,$7.50 ,$0.00 ,$7.50 ,$0.67 ,D7NyNOUarG8zi2Zj7hDQfcpeV,nXezfNZKjebNB643eKMFYuMF,,Juicy Grilled Leg Quarters steamed down in the perfect sweet and Spicy sauce!,Payment,Authentic by Zee,,,,ea,1
5/18/2019,11:41:37,Eastern Time (US & Canada),None,Chicken Fajitas,1,Regular,,,$7.50 ,$0.00 ,$7.50 ,$0.67 ,L1USKeYJnS7Y9ZMyAmOPxAxeV,Sjr4a1QA1sRcnKlKtZSuTtMF,,"Chicken Breast grilled and cut up served on a flour tortilla, with seared bell peppers and onions with just the right amount of Cheesy goodness !",Payment,Authentic by Zee,,G4SASA5M11018RCB35A37XSQ4C,,ea,1
5/16/2019,12:26:14,Eastern Time (US & Canada),None,Chicken Fajitas,1,Regular,,,$7.50 ,$0.00 ,$7.50 ,$0.67 ,1uEx0XVxcB6yyXM9sPq1A2keV,IitYnkQod5xMrqiLKk36itMF,,"Chicken Breast grilled and cut up served on a flour tortilla, with seared bell peppers and onions with just the right amount of Cheesy goodness !",Payment,Authentic by Zee,,VSW1XKEV415DYJQ3JETS8WDP5G,,ea,1
5/16/2019,12:08:56,Eastern Time (US & Canada),None,Custom Amount,1,,,,$5.75 ,$0.00 ,$5.75 ,$0.12 ,3pjwnxE3MQ7zL1X7BbaUByneV,f3OewYNLgZ9ajuJzViEMuzMF,,,Payment,Authentic by Zee,,ZS8GG073HN3FMVP8MP57FQQ1TW,,ea,1
5/16/2019,12:06:57,Eastern Time (US & Canada),None,Jerk Chicken,1,Regular,,,$7.50 ,$0.00 ,$7.50 ,$0.67 ,t2yVgdXh6SZR4x6lInj6SLteV,zJP567YOGHD27j5u9fJ5jsMF,,Juicy Grilled Leg Quarters steamed down in the perfect sweet and Spicy sauce!,Payment,Authentic by Zee,,P99XYEVCNN44MMZFFGHWZ0VBSC,,ea,1
5/16/2019,12:03:08,Eastern Time (US & Canada),None,Custom Amount,1,,,,$9.00 ,$0.00 ,$9.00 ,$0.18 ,NmoSfOED3h03fw9mkXRVQjieV,xqb5Ec96W3TNqwfQZwj9JQB,,,Payment,Authentic by Zee,,,,ea,1
5/16/2019,12:02:06,Eastern Time (US & Canada),None,Chicken Fajitas,1,Regular,,,$7.50 ,$0.00 ,$7.50 ,$0.67 ,T79oPWFvBrMne5AQ979OX40eV,0omzj2bgCyl1xBwGZTQvbvMF,,"Chicken Breast grilled and cut up served on a flour tortilla, with seared bell peppers and onions with just the right amount of Cheesy goodness !",Payment,Authentic by Zee,,RJCX7J897D7SEPSVA0W9BNXMBW,,ea,1
5/16/2019,11:53:25,Eastern Time (US & Canada),Beef,Short Ribs,1,Regular,,,$8.50 ,$0.00 ,$8.50 ,$0.77 ,Z6LkVqFPmNRw2IzAC8Q6GW3eV,HWXDAsvjG5sVXiGDkz7vmxMF,,,Payment,Authentic by Zee,,XJP806H56529EMNC0SCTXYX8X8,,ea,1
5/16/2019,11:50:33,Eastern Time (US & Canada),None,Custom Amount,1,,,,$5.75 ,$0.00 ,$5.75 ,$0.11 ,fBvHmmM1jI1zwlmTEeELypveV,NgqgfLbVq8AD4gT6fQo96tMF,,,Payment,Authentic by Zee,,359D7MA13X2VGSZGCNZXVY3Q2R,,ea,1
5/16/2019,11:50:33,Eastern Time (US & Canada),None,Jerk Chicken,1,Regular,,,$7.50 ,$0.00 ,$7.50 ,$0.67 ,fBvHmmM1jI1zwlmTEeELypveV,NgqgfLbVq8AD4gT6fQo96tMF,,Juicy Grilled Leg Quarters steamed down in the perfect sweet and Spicy sauce!,Payment,Authentic by Zee,,359D7MA13X2VGSZGCNZXVY3Q2R,,ea,1
5/16/2019,11:47:22,Eastern Time (US & Canada),Beef,Short Ribs,1,Regular,,,$8.50 ,$0.00 ,$8.50 ,$0.77 ,ZgukBkcubgUgYXsKBNfauNAfV,UgCIL0SmHoIut1KJX456XvMF,,,Payment,Authentic by Zee,,TMRV0YK045202KTR4P0ZMD71P8,,ea,1
5/16/2019,11:44:38,Eastern Time (US & Canada),None,Custom Amount,1,,,,$5.00 ,$0.00 ,$5.00 ,$0.10 ,lKM4W7C7GoGAaMMmfYsEGr4eV,0N3CgW1VrAqZDyDGEF7F0wMF,,,Payment,Authentic by Zee,,4H8BH8STMN070R93MKY08JGJYG,,ea,1
5/14/2019,11:45:27,Eastern Time (US & Canada),None,Custom Amount,1,,,,$5.00 ,$0.00 ,$5.00 ,$0.10 ,5avGB7bZ7CRTyM6HmOnz595eV,mYr6dLX2P3qp9cqVqAQXExMF,,,Payment,Authentic by Zee,,4H8BH8STMN070R93MKY08JGJYG,,ea,1
5/14/2019,11:38:14,Eastern Time (US & Canada),None,Custom Amount,1,,,,$6.58 ,$0.00 ,$6.58 ,$0.13 ,7lAimWzLp1M9EgOGf0ZWqqxeV,jccAqP3F1SxkH5NwGMT3gxMF,,,Payment,Authentic by Zee,,MHAMT0GBBX2DTSPHT9MYMSABM8,,ea,1
5/14/2019,11:36:55,Eastern Time (US & Canada),None,Custom Amount,1,,,,$7.50 ,$0.00 ,$7.50 ,$0.15 ,x2HA4V1RynKX3JThW7JlLnfeV,PjYzoRPGD2DLCi1rpBIfYuMF,,,Payment,Authentic by Zee,,T6C5729Y8D6JPX491YXHXK3Z7M,,ea,1
5/11/2019,12:08:43,Eastern Time (US & Canada),None,Chicken Fajitas,1,Regular,,,$7.50 ,$0.00 ,$7.50 ,$0.67 ,poygOizmSimTU5KcMyV4qm3eV,q53bhFWpaSfaivNLNpNyPwMF,,"Chicken Breast grilled and cut up served on a flour tortilla, with seared bell peppers and onions with just the right amount of Cheesy goodness !",Payment,Authentic by Zee,,RJCX7J897D7SEPSVA0W9BNXMBW,,ea,1
5/11/2019,11:49:08,Eastern Time (US & Canada),None,Custom Amount,1,,,,$9.00 ,$0.00 ,$9.00 ,$0.18 ,fvmfsNxHYITuvLq4yoI138neV,lZGG8Y0tDM5aamtm1VJepxMF,,,Payment,Authentic by Zee,,75S305AXBN0ZRZX4EX4WANRB44,,ea,1
5/11/2019,11:47:31,Eastern Time (US & Canada),None,Custom Amount,1,,,,$9.00 ,$0.00 ,$9.00 ,$0.18 ,7nnj1guAaGsXAzGnpOuSOz9eV,dYdhp5IXJnnXtrgHVRGyNvMF,,,Payment,Authentic by Zee,,TMRV0YK045202KTR4P0ZMD71P8,,ea,1
5/11/2019,11:47:08,Eastern Time (US & Canada),None,Custom Amount,1,,,,$5.50 ,$0.00 ,$5.50 ,$0.11 ,1YrsHGYuT0dHws3DSyGuFN1eV,9dprUwlGydc0pU6SnotGXyMF,,,Payment,Authentic by Zee,,WKA1SNBAP95HCSKP40BE09XXYR,,ea,1
5/11/2019,11:47:08,Eastern Time (US & Canada),None,Custom Amount,1,,,,$5.50 ,$0.00 ,$5.50 ,$0.11 ,1YrsHGYuT0dHws3DSyGuFN1eV,9dprUwlGydc0pU6SnotGXyMF,,,Payment,Authentic by Zee,,WKA1SNBAP95HCSKP40BE09XXYR,,ea,1
5/11/2019,11:46:34,Eastern Time (US & Canada),None,Chicken Fajitas,1,Regular,,,$7.50 ,$0.00 ,$7.50 ,$0.67 ,XT2fzyUh70ZIJXyQcaeJChxeV,cIHOpPafeLGJIaMkLxrFixMF,,"Chicken Breast grilled and cut up served on a flour tortilla, with seared bell peppers and onions with just the right amount of Cheesy goodness !",Payment,Authentic by Zee,,0YHP831WSN50MRF7GHZCGW6WAW,,ea,1
5/9/2019,11:56:16,Eastern Time (US & Canada),Beef,Short Ribs,1,Regular,,,$8.50 ,$0.00 ,$8.50 ,$0.77 ,Dp06Vq2dodUz32vZFfSxRXheV,j0ql3DL8rQGBTk7bjxt04sMF,,,Payment,Authentic by Zee,,3D9S2PT3H92CMVRVVG3CRRC1VR,,ea,1
5/9/2019,11:56:16,Eastern Time (US & Canada),Sides,CORNBREAD CASSEROLE,1,Regular,,,$2.00 ,$0.00 ,$2.00 ,$0.18 ,Dp06Vq2dodUz32vZFfSxRXheV,j0ql3DL8rQGBTk7bjxt04sMF,,,Payment,Authentic by Zee,,3D9S2PT3H92CMVRVVG3CRRC1VR,,ea,1
5/9/2019,11:47:51,Eastern Time (US & Canada),None,Custom Amount,1,,,,$5.00 ,$0.00 ,$5.00 ,$0.10 ,jjLXLWY2VwFKJCQrt7koax0eV,ttxDOBf8m4YQXPpUT2JlBxMF,,,Payment,Authentic by Zee,,4H8BH8STMN070R93MKY08JGJYG,,ea,1
5/9/2019,11:45:24,Eastern Time (US & Canada),None,Chicken Fajitas,1,Regular,,,$7.50 ,$0.00 ,$7.50 ,$0.67 ,792PesNSrcZg6zZG82XLnLmeV,Oa4Cfx9UIjxG2QsJGyFI7tMF,,"Chicken Breast grilled and cut up served on a flour tortilla, with seared bell peppers and onions with just the right amount of Cheesy goodness !",Payment,Authentic by Zee,,398GZ3KWVH538HBA0P6EF06SKG,,ea,1
5/9/2019,11:44:32,Eastern Time (US & Canada),None,Jerk Chicken,1,Regular,,,$7.50 ,$0.00 ,$7.50 ,$0.67 ,T1iwLhwXLdMgMJ3jknWFjhseV,tAbo3WNCRg2666oIQc7hXwMF,,Juicy Grilled Leg Quarters steamed down in the perfect sweet and Spicy sauce!,Payment,Authentic by Zee,,ZS8GG073HN3FMVP8MP57FQQ1TW,,ea,1
5/9/2019,11:43:57,Eastern Time (US & Canada),None,Chicken Fajitas,1,Regular,,,$7.50 ,$0.00 ,$7.50 ,$0.67 ,1I7iCdkL5bW3MK588sJRxPneV,1uoNgdbPS5TyrmxS0vDdxzMF,,"Chicken Breast grilled and cut up served on a flour tortilla, with seared bell peppers and onions with just the right amount of Cheesy goodness !",Payment,Authentic by Zee,,TMRV0YK045202KTR4P0ZMD71P8,,ea,1
5/7/2019,12:16:07,Eastern Time (US & Canada),None,Custom Amount,1,,,,$6.00 ,$0.00 ,$6.00 ,$0.12 ,LDJRGAb95KTg8FTGchUZremeV,YhBOZdvkO5iaWDD6sjbgYsMF,,,Payment,Authentic by Zee,,WNE7WFW5A92Y4GA96RCY7KJ4R8,,ea,1
5/7/2019,12:07:13,Eastern Time (US & Canada),None,Custom Amount,1,,,,$8.00 ,$0.00 ,$8.00 ,$0.16 ,HD2tvpkajlHBtFQvh3LF89meV,NGcvJxaqL2MOBUXyjKZ9juMF,,,Payment,Authentic by Zee,,A2FENSPK1H3ZYP6MCA11CQS43C,,ea,1
5/7/2019,11:45:09,Eastern Time (US & Canada),None,Custom Amount,1,,,,$8.00 ,$0.00 ,$8.00 ,$0.16 ,FYtPJpGcPSuQDGnoYLdwRO8eV,B6rM6zxFsBVQNsrxkaWXdzMF,,,Payment,Authentic by Zee,,RJCX7J897D7SEPSVA0W9BNXMBW,,ea,1
5/7/2019,11:39:28,Eastern Time (US & Canada),None,Custom Amount,1,,,,$9.00 ,$0.00 ,$9.00 ,$0.18 ,D3nQvvOcfmFi607HmZNB0XmeV,5tB4aWpX0bHl0mSrpdc1gyMF,,,Payment,Authentic by Zee,,MVHN15E2W92R2V53BJXQEX8694,,ea,1
5/7/2019,11:38:56,Eastern Time (US & Canada),None,Custom Amount,1,,,,$9.00 ,$0.00 ,$9.00 ,$0.18 ,HVTHnXDPmfuwoIi46KNDcuzeV,wy8ShbxtBGjtHHkUXotCzvMF,,,Payment,Authentic by Zee,,FKS0ECJGFN5EWQDM9ZM2H3PG64,,ea,1
5/7/2019,11:38:26,Eastern Time (US & Canada),None,Chicken Fajitas,2,Regular,,,$15.00 ,$0.00 ,$15.00 ,$1.35 ,Bu1n6hvCRR1FvvtRqhip0pmeV,5M4dgpPpu4SOo3uFBmhmEyMF,,"Chicken Breast grilled and cut up served on a flour tortilla, with seared bell peppers and onions with just the right amount of Cheesy goodness !",Payment,Authentic by Zee,,FSR5634JKS5XWKWEEF9HC3ZKRC,,ea,2
5/4/2019,12:06:18,Eastern Time (US & Canada),Beef,Short Ribs,1,Regular,,,$8.50 ,$0.00 ,$8.50 ,$0.77 ,TNIN31jJLlXzPyqxFxYTkuieV,wBuIcEJ4eiTAU7Zln7Z2tsMF,,,Payment,Authentic by Zee,,H9PVP2695X3SJZHYEA3ADGTPXC,,ea,1
5/4/2019,12:06:18,Eastern Time (US & Canada),Chicken,BBQ Chicken,1,Regular,,,$6.00 ,$0.00 ,$6.00 ,$0.54 ,TNIN31jJLlXzPyqxFxYTkuieV,wBuIcEJ4eiTAU7Zln7Z2tsMF,,"Grilled Leg Quarters, stewed in HFCS Free BBQ sauce. 
Single plates are served with 2 side items of your choice.
Pans are served for catering events, typically with parties of 10 or more.",Payment,Authentic by Zee,,H9PVP2695X3SJZHYEA3ADGTPXC,,ea,1
5/4/2019,12:04:15,Eastern Time (US & Canada),None,Chicken Fajitas,1,Regular,,,$7.50 ,$0.00 ,$7.50 ,$0.67 ,5s4swrE28N7abvrpzn4PEw5eV,TPuGxNeQ1r5Saueu2rvJIzMF,,"Chicken Breast grilled and cut up served on a flour tortilla, with seared bell peppers and onions with just the right amount of Cheesy goodness !",Payment,Authentic by Zee,,,,ea,1
5/4/2019,11:43:41,Eastern Time (US & Canada),Chicken,BBQ Chicken,1,Regular,,,$6.00 ,$0.00 ,$6.00 ,$0.54 ,xqrrbPArOkad0qp92AECDDheV,rQCvAIyWcDjfCmCg1NJfHxMF,,"Grilled Leg Quarters, stewed in HFCS Free BBQ sauce. 
Single plates are served with 2 side items of your choice.
Pans are served for catering events, typically with parties of 10 or more.",Payment,Authentic by Zee,,RJCX7J897D7SEPSVA0W9BNXMBW,,ea,1
5/4/2019,11:43:19,Eastern Time (US & Canada),None,Custom Amount,1,,,,$5.00 ,$0.00 ,$5.00 ,$0.10 ,XruR9gcn98XN8ph9ODq46QveV,jIEl78AEiMc2JcSeFQjPJzMF,,,Payment,Authentic by Zee,,4H8BH8STMN070R93MKY08JGJYG,,ea,1
5/4/2019,11:42:59,Eastern Time (US & Canada),None,Jerk Chicken,1,Regular,,,$7.50 ,$0.00 ,$7.50 ,$0.67 ,nRFra7zyJ3EyPw23L65O33teV,29g1l5RqnVE3NUpJbOD4buMF,,Juicy Grilled Leg Quarters steamed down in the perfect sweet and Spicy sauce!,Payment,Authentic by Zee,,P99XYEVCNN44MMZFFGHWZ0VBSC,,ea,1
5/4/2019,11:42:27,Eastern Time (US & Canada),None,Jerk Chicken,1,Regular,,,$7.50 ,$0.00 ,$7.50 ,$0.67 ,X5ZLTNono41oup4d0ZU08SqeV,hghjod1CkJyG5AMlnH4btwMF,,Juicy Grilled Leg Quarters steamed down in the perfect sweet and Spicy sauce!,Payment,Authentic by Zee,,Q5M3MW7ND54DMM6EDQ24R69PPR,,ea,1
5/2/2019,12:02:37,Eastern Time (US & Canada),Chicken,BBQ Chicken,1,Regular,,,$6.00 ,$0.00 ,$6.00 ,$0.54 ,pcsEWPwiI9EdpccazQwmVjqeV,bocGbT6JLQ4C8azDFPqwRyMF,,"Grilled Leg Quarters, stewed in HFCS Free BBQ sauce. 
Single plates are served with 2 side items of your choice.
Pans are served for catering events, typically with parties of 10 or more.",Payment,Authentic by Zee,,TB67HBDVVS2NAQ3RBM2FH4QAHW,,ea,1
5/2/2019,11:53:41,Eastern Time (US & Canada),None,Custom Amount,1,,,,$9.00 ,$0.00 ,$9.00 ,$0.18 ,rbHM7tkrdtaBoPjPiyTGXIieV,lqipd3uMROeMn1IzCqd4JQB,,,Payment,Authentic by Zee,,,,ea,1
5/2/2019,11:47:29,Eastern Time (US & Canada),None,Jerk Chicken,1,Regular,,,$7.50 ,$0.00 ,$7.50 ,$0.67 ,b5yk3gcq9X7VBvoUlC7KD9eeV,TD580lSz4MKfIgXspU0H1zMF,,Juicy Grilled Leg Quarters steamed down in the perfect sweet and Spicy sauce!,Payment,Authentic by Zee,,0YHP831WSN50MRF7GHZCGW6WAW,,ea,1
5/2/2019,11:46:22,Eastern Time (US & Canada),None,Custom Amount,1,,,,$5.00 ,$0.00 ,$5.00 ,$0.10 ,bZSaw1aRcC9BbcMcUXP3u3reV,ehiCNjtGZ5PiFM0W2SDfIxMF,,,Payment,Authentic by Zee,,4H8BH8STMN070R93MKY08JGJYG,,ea,1
5/2/2019,11:45:53,Eastern Time (US & Canada),None,Chicken Fajitas,1,Regular,,,$7.50 ,$0.00 ,$7.50 ,$0.67 ,xcKEYC552tjFwKSumGbuPgyeV,O7Na5HtNSCcKANbBX9kBvtMF,,"Chicken Breast grilled and cut up served on a flour tortilla, with seared bell peppers and onions with just the right amount of Cheesy goodness !",Payment,Authentic by Zee,,FKS0ECJGFN5EWQDM9ZM2H3PG64,,ea,1
5/2/2019,11:45:22,Eastern Time (US & Canada),None,Jerk Chicken,1,Regular,,,$7.50 ,$0.00 ,$7.50 ,$0.67 ,7Z2yfyF90k1k9AEA9AzgQC4eV,8jwVSB9mzuSyguUq5ohgIvMF,,Juicy Grilled Leg Quarters steamed down in the perfect sweet and Spicy sauce!,Payment,Authentic by Zee,,RKPQB4BXT5246JSAB7486RCC7R,,ea,1
5/2/2019,11:44:02,Eastern Time (US & Canada),None,Jerk Chicken,1,Regular,,,$7.50 ,$0.00 ,$7.50 ,$0.67 ,ZqTSWjUYxKy4wYEl6OgKtlzeV,cd4eoFYLtOaoiCfMH1NcSsMF,,Juicy Grilled Leg Quarters steamed down in the perfect sweet and Spicy sauce!,Payment,Authentic by Zee,,ZS8GG073HN3FMVP8MP57FQQ1TW,,ea,1
5/2/2019,11:43:13,Eastern Time (US & Canada),Chicken,BBQ Chicken,1,Regular,,,$6.00 ,$0.00 ,$6.00 ,$0.54 ,xyX9g8p91bpwfDpad8u0XH7eV,Sh3dKQ2e5nmILXDg0uEoAuMF,,"Grilled Leg Quarters, stewed in HFCS Free BBQ sauce. 
Single plates are served with 2 side items of your choice.
Pans are served for catering events, typically with parties of 10 or more.",Payment,Authentic by Zee,,FSR5634JKS5XWKWEEF9HC3ZKRC,,ea,1
5/2/2019,11:43:13,Eastern Time (US & Canada),Sides,Rice,1,Regular,,,$2.00 ,$0.00 ,$2.00 ,$0.18 ,xyX9g8p91bpwfDpad8u0XH7eV,Sh3dKQ2e5nmILXDg0uEoAuMF,,Long grain White Jasmine Rice with Negro Black beans,Payment,Authentic by Zee,,FSR5634JKS5XWKWEEF9HC3ZKRC,,ea,1
4/30/2019,11:44:22,Eastern Time (US & Canada),None,Custom Amount,1,,,,$7.00 ,$0.00 ,$7.00 ,$0.14 ,HRt7U0966bDg9pqOsKXWoG2eV,toRikAR3dpf719AlfPwo7yMF,,,Payment,Authentic by Zee,,G4SASA5M11018RCB35A37XSQ4C,,ea,1
4/27/2019,12:10:47,Eastern Time (US & Canada),None,Custom Amount,1,,,,$9.00 ,$0.00 ,$9.00 ,$0.18 ,zpY4sqJDVCjVpN0NcBh95MqeV,0GBVORsnLimyJ6IJSOuuxzMF,,,Payment,Authentic by Zee,,359D7MA13X2VGSZGCNZXVY3Q2R,,ea,1
4/27/2019,12:07:42,Eastern Time (US & Canada),None,Custom Amount,1,,,,$10.00 ,$0.00 ,$10.00 ,$0.20 ,pODxDiYQ2TIFLD2UFL1MsUieV,en2IGGhCTRZ75baJY28a4tMF,,,Payment,Authentic by Zee,,3D9S2PT3H92CMVRVVG3CRRC1VR,,ea,1
4/27/2019,11:57:54,Eastern Time (US & Canada),None,Chicken Fajitas,1,Regular,,,$7.50 ,$0.00 ,$7.50 ,$0.67 ,Vk5i0r4zm1xwcOBv70Bvhq6eV,dulTMDArAVNZJ2A8MFpG7tMF,,"Chicken Breast grilled and cut up served on a flour tortilla, with seared bell peppers and onions with just the right amount of Cheesy goodness !",Payment,Authentic by Zee,,57N4EB7CCS1YGN7C0NC4T4ZRQ4,,ea,1
4/27/2019,11:50:32,Eastern Time (US & Canada),None,Jerk Chicken,1,Regular,,,$7.50 ,$0.00 ,$7.50 ,$0.67 ,ZQGA5h2QrfwrwF8XpBbuh5seV,esT4dnVntDijmSLNZtH96zMF,,Juicy Grilled Leg Quarters steamed down in the perfect sweet and Spicy sauce!,Payment,Authentic by Zee,,1ZF13XEPN50ZTW3CC45HAF9RW0,,ea,1
4/27/2019,11:49:12,Eastern Time (US & Canada),None,Custom Amount,1,,,,$5.00 ,$0.00 ,$5.00 ,$0.10 ,5OvPeE3sLXtpaIblyCkKA0AfV,qmMz97KBJybclKI9lqzkPtMF,,,Payment,Authentic by Zee,,4H8BH8STMN070R93MKY08JGJYG,,ea,1
4/27/2019,11:48:35,Eastern Time (US & Canada),None,Jerk Chicken,1,Regular,,,$7.50 ,$0.00 ,$7.50 ,$0.67 ,v1bQ9wJ6ziIhIcjhalXbbymeV,C4lsV1k2uPWu6lqEsdC2XzMF,,Juicy Grilled Leg Quarters steamed down in the perfect sweet and Spicy sauce!,Payment,Authentic by Zee,,VRBA3Z8W7S1BPM4VCGFW6RQCV8,,ea,1
4/27/2019,11:47:19,Eastern Time (US & Canada),None,Chicken Fajitas,1,Regular,,,$7.50 ,$0.00 ,$7.50 ,$0.67 ,rrdBcSIfRsq7jdqGJrURC0leV,ncHwIL2S8bxE3k2OhnOPYwMF,,"Chicken Breast grilled and cut up served on a flour tortilla, with seared bell peppers and onions with just the right amount of Cheesy goodness !",Payment,Authentic by Zee,,WA7MPG3K414XMYA8E8Q187FG2C,,ea,1
4/27/2019,11:46:43,Eastern Time (US & Canada),None,Custom Amount,1,,,,$10.00 ,$0.00 ,$10.00 ,$0.20 ,PpPrgJL14C8nZmV8zOsBrgneV,VAoxSC5MBAJtiFvzDuZsLxMF,,,Payment,Authentic by Zee,,0YHP831WSN50MRF7GHZCGW6WAW,,ea,1
4/27/2019,11:46:17,Eastern Time (US & Canada),None,Custom Amount,1,,,,$9.00 ,$0.00 ,$9.00 ,$0.18 ,twjLmBfUoT5o3YDYjZBQ90AfV,9x5Cvc46Y3lVP6uuvbQcGzMF,,,Payment,Authentic by Zee,,TMRV0YK045202KTR4P0ZMD71P8,,ea,1
4/27/2019,11:45:44,Eastern Time (US & Canada),Chicken,Curry chicken,1,Regular,,,$6.50 ,$0.00 ,$6.50 ,$0.59 ,jhQQqOdg8oISLTTbab8G4T8eV,iMXoo4LYLSjUTJK43r5JptMF,,"Single plates are served with 2 side items of you choice.
Pans are served for catering events, typically for parties of 10 or more.",Payment,Authentic by Zee,,ZS8GG073HN3FMVP8MP57FQQ1TW,,ea,1
4/27/2019,11:45:44,Eastern Time (US & Canada),None,Chicken Fajitas,1,Regular,,,$7.50 ,$0.00 ,$7.50 ,$0.67 ,jhQQqOdg8oISLTTbab8G4T8eV,iMXoo4LYLSjUTJK43r5JptMF,,"Chicken Breast grilled and cut up served on a flour tortilla, with seared bell peppers and onions with just the right amount of Cheesy goodness !",Payment,Authentic by Zee,,ZS8GG073HN3FMVP8MP57FQQ1TW,,ea,1
4/27/2019,11:45:44,Eastern Time (US & Canada),None,Custom Amount,1,,,,$2.00 ,$0.00 ,$2.00 ,$0.04 ,jhQQqOdg8oISLTTbab8G4T8eV,iMXoo4LYLSjUTJK43r5JptMF,,,Payment,Authentic by Zee,,ZS8GG073HN3FMVP8MP57FQQ1TW,,ea,1
4/27/2019,11:44:24,Eastern Time (US & Canada),Chicken,BBQ Chicken,1,Regular,,,$6.00 ,$0.00 ,$6.00 ,$0.54 ,NiGKBp2hCf5b4O4v8sVa9g6eV,NTYfLHnFIyat7HoJlFvHayMF,,"Grilled Leg Quarters, stewed in HFCS Free BBQ sauce. 
Single plates are served with 2 side items of your choice.
Pans are served for catering events, typically with parties of 10 or more.",Payment,Authentic by Zee,,MVHN15E2W92R2V53BJXQEX8694,,ea,1
4/27/2019,11:43:54,Eastern Time (US & Canada),None,Chicken Fajitas,1,Regular,,,$7.50 ,$0.00 ,$7.50 ,$0.67 ,VOw7YRvtswFxgFwCj9TkPrgeV,kwyC5Hy1FDCfOmCbblySDvMF,,"Chicken Breast grilled and cut up served on a flour tortilla, with seared bell peppers and onions with just the right amount of Cheesy goodness !",Payment,Authentic by Zee,,QQ7D7V08N56JRV35FBMZNCS8C4,,ea,1
4/27/2019,11:43:28,Eastern Time (US & Canada),Beef,Short Ribs,2,Regular,,,$17.00 ,$0.00 ,$17.00 ,$1.53 ,LZuuKuryUvkXh7MfPyg9YqveV,rOWFnAKpBTSqITL4x7AAfyMF,,,Payment,Authentic by Zee,,ZAM7VWRK4S25MWFS574KPQ8174,,ea,2
4/25/2019,12:11:47,Eastern Time (US & Canada),None,Chicken Fajitas,1,Regular,,,$7.50 ,$0.00 ,$7.50 ,$0.67 ,ZODx2dRKp79pA4d8EfFQd3oeV,5Qy2dskr5eK5ki4WxrOjxwMF,,"Chicken Breast grilled and cut up served on a flour tortilla, with seared bell peppers and onions with just the right amount of Cheesy goodness !",Payment,Authentic by Zee,,TB67HBDVVS2NAQ3RBM2FH4QAHW,,ea,1
4/25/2019,12:00:36,Eastern Time (US & Canada),None,Custom Amount,1,,,,$9.00 ,$0.00 ,$9.00 ,$0.18 ,FkF85cONZ23MIt2cvB9EjTAfV,qu0Qt5JPewMmdwoGpjb39vMF,,,Payment,Authentic by Zee,,A2FENSPK1H3ZYP6MCA11CQS43C,,ea,1
4/25/2019,11:51:50,Eastern Time (US & Canada),None,Custom Amount,1,,,,$9.00 ,$0.00 ,$9.00 ,$0.18 ,DDFMp8uuXN4WFalXr0URKAieV,glpJj4UbmG4BNQ6vrgFucyMF,,,Payment,Authentic by Zee,,75S305AXBN0ZRZX4EX4WANRB44,,ea,1
4/25/2019,11:51:50,Eastern Time (US & Canada),None,Chicken Fajitas,1,Regular,,,$7.50 ,$0.00 ,$7.50 ,$0.67 ,DDFMp8uuXN4WFalXr0URKAieV,glpJj4UbmG4BNQ6vrgFucyMF,,"Chicken Breast grilled and cut up served on a flour tortilla, with seared bell peppers and onions with just the right amount of Cheesy goodness !",Payment,Authentic by Zee,,75S305AXBN0ZRZX4EX4WANRB44,,ea,1
4/25/2019,11:51:50,Eastern Time (US & Canada),None,Jerk Chicken,1,Regular,,,$7.50 ,$0.00 ,$7.50 ,$0.68 ,DDFMp8uuXN4WFalXr0URKAieV,glpJj4UbmG4BNQ6vrgFucyMF,,Juicy Grilled Leg Quarters steamed down in the perfect sweet and Spicy sauce!,Payment,Authentic by Zee,,75S305AXBN0ZRZX4EX4WANRB44,,ea,1
4/25/2019,11:48:33,Eastern Time (US & Canada),None,Custom Amount,1,,,,$9.00 ,$0.00 ,$9.00 ,$0.18 ,ZIQ3h1iF3RbOBuC0JcUBAv8eV,FnAn7PkMUJA2v8cayKsPYtMF,,,Payment,Authentic by Zee,,W30ZM9FF9X110H28VGRYXTWKJW,,ea,1
4/25/2019,11:47:38,Eastern Time (US & Canada),Chicken,BBQ Chicken,1,Regular,,,$6.00 ,$0.00 ,$6.00 ,$0.54 ,ZoMlZDyrGjNpbcRUWxfFWJ6eV,aRpfIJfMdn1FFt1UtdmXYwMF,,"Grilled Leg Quarters, stewed in HFCS Free BBQ sauce. 
Single plates are served with 2 side items of your choice.
Pans are served for catering events, typically with parties of 10 or more.",Payment,Authentic by Zee,,95ABKK8QK10MEKNRSG0B87ZS58,,ea,1
4/25/2019,11:46:47,Eastern Time (US & Canada),None,Custom Amount,1,,,,$5.00 ,$0.00 ,$5.00 ,$0.10 ,HthoD5PGZGut7Lj5FcuKzaweV,B6AZvJ4ihcv86ErFCdjoBwMF,,,Payment,Authentic by Zee,,4H8BH8STMN070R93MKY08JGJYG,,ea,1
4/23/2019,12:10:19,Eastern Time (US & Canada),None,Custom Amount,1,,,,$7.50 ,$0.00 ,$7.50 ,$0.15 ,1gfI7Z9GeovWU1h0qdaT0M1eV,j9mV7tvn0juD2g8f7vXlrzMF,,,Payment,Authentic by Zee,,VSW1XKEV415DYJQ3JETS8WDP5G,,ea,1
4/23/2019,11:44:09,Eastern Time (US & Canada),None,Custom Amount,1,,,,$8.00 ,$0.00 ,$8.00 ,$0.16 ,LxS62aqIPKpcgGMIRqCjcwoeV,9JVdIFQ7Q7EGveNaP81drvMF,,,Payment,Authentic by Zee,,4H8BH8STMN070R93MKY08JGJYG,,ea,1
4/23/2019,11:41:52,Eastern Time (US & Canada),None,Custom Amount,1,,,,$10.00 ,$0.00 ,$10.00 ,$0.20 ,33uqhkWwyL4lk5n5P7Q9vL6eV,FnhEyFt14u4UJg4qnIQHDvMF,,,Payment,Authentic by Zee,,DK1MQE8T5S3HAJ8YBCGRJ7CSJG,,ea,1
4/23/2019,11:41:22,Eastern Time (US & Canada),None,Chicken Fajitas,1,Regular,,,$7.50 ,$0.00 ,$7.50 ,$0.67 ,Bmn0RYdVkWfEHOq9c0TT1C1eV,lcyw6KMZXw3IgkHbtoSFHwMF,,"Chicken Breast grilled and cut up served on a flour tortilla, with seared bell peppers and onions with just the right amount of Cheesy goodness !",Payment,Authentic by Zee,,ZS8GG073HN3FMVP8MP57FQQ1TW,,ea,1
4/20/2019,12:10:59,Eastern Time (US & Canada),Chicken,Curry chicken,1,Regular,,,$6.50 ,$0.00 ,$6.50 ,$0.59 ,NwjzcFFEJLhLUYk7TsY8xI5eV,0dP8Y7E5BHGnaq9cNe0HDtMF,,"Single plates are served with 2 side items of you choice.
Pans are served for catering events, typically for parties of 10 or more.",Payment,Authentic by Zee,,HBN1XZQ23945YXN9F25N3NECTW,,ea,1
4/20/2019,11:53:30,Eastern Time (US & Canada),None,Custom Amount,1,,,,$7.00 ,$0.00 ,$7.00 ,$0.14 ,PD0VfRf7MxyQqQ8TUNMc945eV,u6qtv8lSeI95BPMKyBUQtuMF,,,Payment,Authentic by Zee,,1EF0JSFCX14XVAQ17TARTADCW4,,ea,1
4/20/2019,11:50:49,Eastern Time (US & Canada),Chicken,Curry chicken,1,Regular,,,$6.50 ,$0.00 ,$6.50 ,$0.59 ,DbpS4Vi8LT7uL9Np4phu8HweV,kSx3XN3CON3Tn4s4l0TYFtMF,,"Single plates are served with 2 side items of you choice.
Pans are served for catering events, typically for parties of 10 or more.",Payment,Authentic by Zee,,TB67HBDVVS2NAQ3RBM2FH4QAHW,,ea,1
4/20/2019,11:49:28,Eastern Time (US & Canada),Chicken,Curry chicken,1,Regular,,,$6.50 ,$0.00 ,$6.50 ,$0.59 ,fV1Z4GC77oOfs8aHJUUCiX5eV,e8uxcHiC3x3k6ZPiEHHFYxMF,,"Single plates are served with 2 side items of you choice.
Pans are served for catering events, typically for parties of 10 or more.",Payment,Authentic by Zee,,YD32NBYQ1D7VTJXGTCCANXJZTW,,ea,1
4/20/2019,11:47:33,Eastern Time (US & Canada),None,Custom Amount,1,,,,$10.00 ,$0.00 ,$10.00 ,$0.20 ,BYw0XJJVpF6BcnYLfvqL6M4eV,tMVKBC5ipnFsAAIfS6JyfyMF,,,Payment,Authentic by Zee,,DK1MQE8T5S3HAJ8YBCGRJ7CSJG,,ea,1
4/20/2019,11:41:50,Eastern Time (US & Canada),Chicken,BBQ Chicken,1,Regular,,,$6.00 ,$0.00 ,$6.00 ,$0.54 ,du2P6e8lfBwm62igIisE7JreV,TulnAnrUG8k52eALdtwYitMF,,"Grilled Leg Quarters, stewed in HFCS Free BBQ sauce. 
Single plates are served with 2 side items of your choice.
Pans are served for catering events, typically with parties of 10 or more.",Payment,Authentic by Zee,,9GEF2H38P94GYG42GJ08WJ7NYC,,ea,1
4/20/2019,11:41:12,Eastern Time (US & Canada),Beef,Short Ribs,1,Regular,,,$8.50 ,$0.00 ,$8.50 ,$0.77 ,9E5x3sczo3PoXB08unqyDR6eV,ChPpy0Kan8HtoxMjysSlTzMF,,,Payment,Authentic by Zee,,3D9S2PT3H92CMVRVVG3CRRC1VR,,ea,1
4/20/2019,11:39:24,Eastern Time (US & Canada),None,Custom Amount,1,,,,$10.00 ,$0.00 ,$10.00 ,$0.20 ,5YaC4N1FfTkLVn3gVgwTKj9eV,eI36uLsjvlz3sfGwfi27TzMF,,,Payment,Authentic by Zee,,4H8BH8STMN070R93MKY08JGJYG,,ea,1
4/18/2019,11:47:05,Eastern Time (US & Canada),None,Chicken Fajitas,1,Regular,,,$7.50 ,$0.00 ,$7.50 ,$0.67 ,rP3h620v0nnd6ZfT70dvRmmeV,x8W1v8tKgmhwY1jTRgGQRxMF,,"Chicken Breast grilled and cut up served on a flour tortilla, with seared bell peppers and onions with just the right amount of Cheesy goodness !",Payment,Authentic by Zee,,TB67HBDVVS2NAQ3RBM2FH4QAHW,,ea,1
4/18/2019,11:43:49,Eastern Time (US & Canada),None,Jerk Chicken,1,Regular,,,$7.50 ,$0.00 ,$7.50 ,$0.67 ,lCkyGe7OodIVpBLr25IyzC1eV,CXN1OK24DnpMTBrTqCNsYvMF,,Juicy Grilled Leg Quarters steamed down in the perfect sweet and Spicy sauce!,Payment,Authentic by Zee,,KYHWSEFE8N2BRXNPH2PJ5Z6P88,,ea,1
4/18/2019,11:41:46,Eastern Time (US & Canada),None,Chicken Fajitas,1,Regular,,,$7.50 ,$0.00 ,$7.50 ,$0.67 ,LJ8rDWT8ZIunSKYBCd0qmB9eV,eD9AMvfWwW93509RYziLSzMF,,"Chicken Breast grilled and cut up served on a flour tortilla, with seared bell peppers and onions with just the right amount of Cheesy goodness !",Payment,Authentic by Zee,,VTZP99C8714SCMQXPZDEB0129C,,ea,1
4/18/2019,11:39:19,Eastern Time (US & Canada),None,Chicken Fajitas,1,Regular,,,$7.50 ,$0.00 ,$7.50 ,$0.67 ,PP40ffCldk4pepFuMj6ohAteV,MR5iFGfEQPeTSmKEkzJIMzMF,,"Chicken Breast grilled and cut up served on a flour tortilla, with seared bell peppers and onions with just the right amount of Cheesy goodness !",Payment,Authentic by Zee,,M93BVD76JN6JGGPRPBAKM233WR,,ea,1
4/18/2019,11:38:41,Eastern Time (US & Canada),None,Custom Amount,1,,,,$5.00 ,$0.00 ,$5.00 ,$0.10 ,TZOHO0GOQbq8wq8hh4rbpYfeV,JeXitPyMnsw5w0VxhNhvOwMF,,,Payment,Authentic by Zee,,4H8BH8STMN070R93MKY08JGJYG,,ea,1
4/18/2019,11:38:02,Eastern Time (US & Canada),Chicken,Curry chicken,1,Regular,,,$6.50 ,$0.00 ,$6.50 ,$0.59 ,x08vg0n9WVpoIxPAZzSSeuweV,3SrebNretkKgd0ee93evbzMF,,"Single plates are served with 2 side items of you choice.
Pans are served for catering events, typically for parties of 10 or more.",Payment,Authentic by Zee,,359D7MA13X2VGSZGCNZXVY3Q2R,,ea,1
4/18/2019,11:36:41,Eastern Time (US & Canada),None,Custom Amount,1,,,,$9.00 ,$0.00 ,$9.00 ,$0.18 ,7rTUfMlCyXZ5vZyvU4AULljeV,m00erRejpTydaZbSN6o3puMF,,,Payment,Authentic by Zee,,75S305AXBN0ZRZX4EX4WANRB44,,ea,1
4/18/2019,11:36:41,Eastern Time (US & Canada),Chicken,BBQ Chicken,1,Regular,,,$6.00 ,$0.00 ,$6.00 ,$0.54 ,7rTUfMlCyXZ5vZyvU4AULljeV,m00erRejpTydaZbSN6o3puMF,,"Grilled Leg Quarters, stewed in HFCS Free BBQ sauce. 
Single plates are served with 2 side items of your choice.
Pans are served for catering events, typically with parties of 10 or more.",Payment,Authentic by Zee,,75S305AXBN0ZRZX4EX4WANRB44,,ea,1
4/18/2019,11:35:31,Eastern Time (US & Canada),None,Jerk Chicken,1,Regular,,,$7.50 ,$0.00 ,$7.50 ,$0.67 ,b10KFayk79PtmhvJjuDuaHpeV,n9QmJcc0SGCHiQfK0UScrwMF,,Juicy Grilled Leg Quarters steamed down in the perfect sweet and Spicy sauce!,Payment,Authentic by Zee,,T6C5729Y8D6JPX491YXHXK3Z7M,,ea,1
4/13/2019,12:00:15,Eastern Time (US & Canada),None,Chicken Fajitas,1,Regular,,,$7.50 ,$0.00 ,$7.50 ,$0.67 ,5q1BPxQWjIEvsFQHBgh1BcueV,DVwFO1sVD3kELNFbuMXhoxMF,,"Chicken Breast grilled and cut up served on a flour tortilla, with seared bell peppers and onions with just the right amount of Cheesy goodness !",Payment,Authentic by Zee,,RJCX7J897D7SEPSVA0W9BNXMBW,,ea,1
4/13/2019,11:55:16,Eastern Time (US & Canada),Beef,Short Ribs,1,Regular,,,$8.50 ,$0.00 ,$8.50 ,$0.77 ,pqvs7ZR1lLKZKD3UNoKu89keV,UyXrnFhYR2vHVyH4SXAYZwMF,,,Payment,Authentic by Zee,,1EF0JSFCX14XVAQ17TARTADCW4,,ea,1
4/13/2019,11:55:16,Eastern Time (US & Canada),None,Custom Amount,1,,,,$5.00 ,$0.00 ,$5.00 ,$0.10 ,pqvs7ZR1lLKZKD3UNoKu89keV,UyXrnFhYR2vHVyH4SXAYZwMF,,,Payment,Authentic by Zee,,1EF0JSFCX14XVAQ17TARTADCW4,,ea,1
4/13/2019,11:53:41,Eastern Time (US & Canada),None,Custom Amount,1,,,,$9.00 ,$0.00 ,$9.00 ,$0.18 ,dQxomLWwTsT9DxOStwrWbkveV,emkvzMmzZYX3CGvZHVmPrvMF,,,Payment,Authentic by Zee,,VSW1XKEV415DYJQ3JETS8WDP5G,,ea,1
4/13/2019,11:48:22,Eastern Time (US & Canada),Beef,Short Ribs,1,Regular,,,$8.50 ,$0.00 ,$8.50 ,$0.77 ,9iMNmrbiE73dLDIIhH0prIweV,JsDMIGjFVZNHAZ4naqybpzMF,,,Payment,Authentic by Zee,,3D9S2PT3H92CMVRVVG3CRRC1VR,,ea,1
4/13/2019,11:48:22,Eastern Time (US & Canada),Sides,CORNBREAD CASSEROLE,1,Regular,,,$2.00 ,$0.00 ,$2.00 ,$0.18 ,9iMNmrbiE73dLDIIhH0prIweV,JsDMIGjFVZNHAZ4naqybpzMF,,,Payment,Authentic by Zee,,3D9S2PT3H92CMVRVVG3CRRC1VR,,ea,1
4/13/2019,11:43:31,Eastern Time (US & Canada),None,Chicken Fajitas,1,Regular,,,$7.50 ,$0.00 ,$7.50 ,$0.67 ,x84dpOKgv4HzVKkKFDxogZieV,BNAwZfvCS88i1ZbGBJJeFtMF,,"Chicken Breast grilled and cut up served on a flour tortilla, with seared bell peppers and onions with just the right amount of Cheesy goodness !",Payment,Authentic by Zee,,0YHP831WSN50MRF7GHZCGW6WAW,,ea,1
4/13/2019,11:42:53,Eastern Time (US & Canada),None,Custom Amount,1,,,,$5.00 ,$0.00 ,$5.00 ,$0.10 ,LXBu1cq9t5ekB0cP5qgHGf8eV,UXh0MAKHd4z61hS4TjsqtyMF,,,Payment,Authentic by Zee,,4H8BH8STMN070R93MKY08JGJYG,,ea,1
4/13/2019,11:42:33,Eastern Time (US & Canada),None,Custom Amount,1,,,,$10.00 ,$0.00 ,$10.00 ,$0.20 ,fzIVnzKnSqHppRJtB7CDvPheV,Cvm9xqUlnv5wTTfoKGKGgsMF,,,Payment,Authentic by Zee,,7EMNPP4QSD354GR9HMYR1B2YJG,,ea,1
4/13/2019,11:42:02,Eastern Time (US & Canada),Beef,Short Ribs,1,Regular,,,$8.50 ,$0.00 ,$8.50 ,$0.77 ,J8iDKjdX4dnyUKZWnj2eq2oeV,pTTHUhZyjMacEGIdP89HvzMF,,,Payment,Authentic by Zee,,ZAM7VWRK4S25MWFS574KPQ8174,,ea,1
4/13/2019,11:42:02,Eastern Time (US & Canada),None,Jerk Chicken,1,Regular,,,$7.50 ,$0.00 ,$7.50 ,$0.67 ,J8iDKjdX4dnyUKZWnj2eq2oeV,pTTHUhZyjMacEGIdP89HvzMF,,Juicy Grilled Leg Quarters steamed down in the perfect sweet and Spicy sauce!,Payment,Authentic by Zee,,ZAM7VWRK4S25MWFS574KPQ8174,,ea,1
4/11/2019,12:06:00,Eastern Time (US & Canada),None,Custom Amount,1,,,,$10.00 ,$0.00 ,$10.00 ,$0.20 ,rd8SXmBvLZTdMsVlV6JCyrAfV,94z0OBB3vtfn1MW2rvyKKvMF,,,Payment,Authentic by Zee,,359D7MA13X2VGSZGCNZXVY3Q2R,,ea,1
4/11/2019,12:05:12,Eastern Time (US & Canada),Chicken,BBQ Chicken,1,Regular,,,$6.00 ,$0.00 ,$6.00 ,$0.54 ,JO5eiavYRGPBHyK2X5QgWD7eV,fanhgWt8QPAEg7pqmi3UPtMF,,"Grilled Leg Quarters, stewed in HFCS Free BBQ sauce. 
Single plates are served with 2 side items of your choice.
Pans are served for catering events, typically with parties of 10 or more.",Payment,Authentic by Zee,,A2FENSPK1H3ZYP6MCA11CQS43C,,ea,1
4/11/2019,12:02:58,Eastern Time (US & Canada),Chicken,BBQ Chicken,1,Regular,,,$6.00 ,$0.00 ,$6.00 ,$0.54 ,nT0k9CcId4rF9AcnuFx9mumeV,MFX4JiUousBQ3r1AUp5mDtMF,,"Grilled Leg Quarters, stewed in HFCS Free BBQ sauce. 
Single plates are served with 2 side items of your choice.
Pans are served for catering events, typically with parties of 10 or more.",Payment,Authentic by Zee,,RJCX7J897D7SEPSVA0W9BNXMBW,,ea,1
4/11/2019,11:57:51,Eastern Time (US & Canada),Chicken,BBQ Chicken,1,Regular,,,$6.00 ,$0.00 ,$6.00 ,$0.54 ,RWLeaIhDfxLSRf4QbGBRIzmeV,aTfKIvQPjH5zvCbnBruwOuMF,,"Grilled Leg Quarters, stewed in HFCS Free BBQ sauce. 
Single plates are served with 2 side items of your choice.
Pans are served for catering events, typically with parties of 10 or more.",Payment,Authentic by Zee,,MVHN15E2W92R2V53BJXQEX8694,,ea,1
4/11/2019,11:53:31,Eastern Time (US & Canada),Sides,Baked Mac,1,Whole Pan,,,$60.00 ,($6.00),$54.00 ,$4.86 ,twHrh5aaj4JVaoGmG3zRfa0eV,gDuCIJmmlu91WtCDcrLdbwMF,,"Creamy Mac & Cheese mixed with ground beef, sauteed with onions and green and red bell peppers, seasoned to perfection an baked golden brown.",Payment,Authentic by Zee,,HS80KZNZPD4NZBC3BVTX8BVX3G,,ea,1
4/11/2019,11:53:31,Eastern Time (US & Canada),Sides,Cabbage,1,Whole Pan,71,,$45.00 ,$0.00 ,$45.00 ,$4.05 ,twHrh5aaj4JVaoGmG3zRfa0eV,gDuCIJmmlu91WtCDcrLdbwMF,,,Payment,Authentic by Zee,,HS80KZNZPD4NZBC3BVTX8BVX3G,,ea,1
4/11/2019,11:53:31,Eastern Time (US & Canada),None,Rice,1,1/2 Pan,60,,$35.00 ,$0.00 ,$35.00 ,$3.15 ,twHrh5aaj4JVaoGmG3zRfa0eV,gDuCIJmmlu91WtCDcrLdbwMF,,,Payment,Authentic by Zee,,HS80KZNZPD4NZBC3BVTX8BVX3G,,ea,1
4/11/2019,11:53:31,Eastern Time (US & Canada),None,Warm Buffet,1,Regular,,,$120.00 ,$0.00 ,$120.00 ,$10.80 ,twHrh5aaj4JVaoGmG3zRfa0eV,gDuCIJmmlu91WtCDcrLdbwMF,,This is for the Curry Chicken and Jerk Chicken.,Payment,Authentic by Zee,,HS80KZNZPD4NZBC3BVTX8BVX3G,,ea,1
4/11/2019,11:42:49,Eastern Time (US & Canada),Beef,Short Ribs,1,Regular,,,$8.50 ,$0.00 ,$8.50 ,$0.77 ,blUkc2pXmIFV708yz13vYF2eV,CmRgCaNJB81YsixCmzC8ZwMF,,,Payment,Authentic by Zee,,CJ65AFD9C14RJRNYCBD4H2ER90,,ea,1
4/11/2019,11:41:49,Eastern Time (US & Canada),Chicken,Curry chicken,1,Regular,,,$6.50 ,$0.00 ,$6.50 ,$0.59 ,dUXO8vVCWwgRty7fHcRMoA3eV,PTktVQ1ecSH50RF06ijAYyMF,,"Single plates are served with 2 side items of you choice.
Pans are served for catering events, typically for parties of 10 or more.",Payment,Authentic by Zee,,XJP806H56529EMNC0SCTXYX8X8,,ea,1
4/11/2019,11:40:58,Eastern Time (US & Canada),None,Custom Amount,1,,,,$0.05 ,$0.00 ,$0.05 ,$0.00 ,ZssyC8kfYVOZdAP3s98itU4eV,Us4zFMFMbib9oKXEcEUPNvMF,,,Payment,Authentic by Zee,,TMRV0YK045202KTR4P0ZMD71P8,,ea,1
4/11/2019,11:40:58,Eastern Time (US & Canada),Chicken,BBQ Chicken,1,Regular,,,$6.00 ,$0.00 ,$6.00 ,$0.54 ,ZssyC8kfYVOZdAP3s98itU4eV,Us4zFMFMbib9oKXEcEUPNvMF,,"Grilled Leg Quarters, stewed in HFCS Free BBQ sauce. 
Single plates are served with 2 side items of your choice.
Pans are served for catering events, typically with parties of 10 or more.",Payment,Authentic by Zee,,TMRV0YK045202KTR4P0ZMD71P8,,ea,1
4/11/2019,11:38:53,Eastern Time (US & Canada),None,Custom Amount,1,,,,$5.00 ,$0.00 ,$5.00 ,$0.10 ,NSgBmo7coxGwAQ1afBcgl51eV,XK2VEwMPzQVko2fQ9rGeFtMF,,,Payment,Authentic by Zee,,4H8BH8STMN070R93MKY08JGJYG,,ea,1
4/11/2019,11:38:11,Eastern Time (US & Canada),Beef,Short Ribs,1,Regular,,,$8.50 ,$0.00 ,$8.50 ,$0.77 ,T35zLTM0WvbjBovIxo8ejpleV,pnSsI3kEF6iFSaZtEK5W1vMF,,,Payment,Authentic by Zee,,3D9S2PT3H92CMVRVVG3CRRC1VR,,ea,1
4/6/2019,14:20:30,Eastern Time (US & Canada),None,Custom Amount,1,,,,$11.00 ,$0.00 ,$11.00 ,$0.22 ,58U2Ql3L8odo8Ftd4OS8pWgeV,ilCGiIlkZ1YvjJ2F3I3KEvMF,,,Payment,Authentic by Zee,,2D8F5X58X93SYVH0XTKGX9M044,,ea,1
4/6/2019,11:51:47,Eastern Time (US & Canada),Chicken,Curry chicken,1,Regular,,,$6.50 ,$0.00 ,$6.50 ,$0.59 ,JQe6hFS7zF1kWJblQ91BI8reV,ZlQl8wG6Pg2zmwTN8RC5zzMF,,"Single plates are served with 2 side items of you choice.
Pans are served for catering events, typically for parties of 10 or more.",Payment,Authentic by Zee,,2DMKN1J95924AQXZW50KQ8QSJ8,,ea,1
4/6/2019,11:49:53,Eastern Time (US & Canada),Chicken,Curry chicken,1,Regular,,,$6.50 ,$0.00 ,$6.50 ,$0.59 ,pmTFc0jdTlwGdqVBfIOArRmeV,EZ659xqACEDfAbVQ6icMxwMF,,"Single plates are served with 2 side items of you choice.
Pans are served for catering events, typically for parties of 10 or more.",Payment,Authentic by Zee,,359D7MA13X2VGSZGCNZXVY3Q2R,,ea,1
4/6/2019,11:49:27,Eastern Time (US & Canada),None,Custom Amount,1,,,,$8.00 ,$0.00 ,$8.00 ,$0.16 ,zxenBX8VyDGtV8ZkoXd2XC9eV,V66e6qIKtXUnkikNSHEhTwMF,,,Payment,Authentic by Zee,,TMRV0YK045202KTR4P0ZMD71P8,,ea,1
4/6/2019,11:49:27,Eastern Time (US & Canada),None,Jerk Chicken,1,Regular,,,$7.50 ,$0.00 ,$7.50 ,$0.67 ,zxenBX8VyDGtV8ZkoXd2XC9eV,V66e6qIKtXUnkikNSHEhTwMF,,Juicy Grilled Leg Quarters steamed down in the perfect sweet and Spicy sauce!,Payment,Authentic by Zee,,TMRV0YK045202KTR4P0ZMD71P8,,ea,1
4/6/2019,11:45:17,Eastern Time (US & Canada),Chicken,BBQ Chicken,1,Regular,,,$6.00 ,$0.00 ,$6.00 ,$0.54 ,h8Ocq3968t9qNHFmW8O7qk4eV,gjEGBNgdsN5p5C5hbjEVjtMF,,"Grilled Leg Quarters, stewed in HFCS Free BBQ sauce. 
Single plates are served with 2 side items of your choice.
Pans are served for catering events, typically with parties of 10 or more.",Payment,Authentic by Zee,,YD32NBYQ1D7VTJXGTCCANXJZTW,,ea,1
4/6/2019,11:45:17,Eastern Time (US & Canada),None,Custom Amount,1,,,,$0.10 ,$0.00 ,$0.10 ,$0.00 ,h8Ocq3968t9qNHFmW8O7qk4eV,gjEGBNgdsN5p5C5hbjEVjtMF,,,Payment,Authentic by Zee,,YD32NBYQ1D7VTJXGTCCANXJZTW,,ea,1
4/6/2019,11:44:05,Eastern Time (US & Canada),None,Chicken Fajitas,1,Regular,,,$7.50 ,$0.00 ,$7.50 ,$0.67 ,ZCbWBTWHlCM3zqsAoo8O5xzeV,QCR6PYxqPGHSlxKZCCtpQzMF,,"Chicken Breast grilled and cut up served on a flour tortilla, with seared bell peppers and onions with just the right amount of Cheesy goodness !",Payment,Authentic by Zee,,QQ7D7V08N56JRV35FBMZNCS8C4,,ea,1
4/6/2019,11:43:27,Eastern Time (US & Canada),None,Custom Amount,1,,,,$12.00 ,$0.00 ,$12.00 ,$0.24 ,zr5G975UrulpJ5sCYxaXHD8eV,ithSiBpy5ezT99ZnsMNm6vMF,,,Payment,Authentic by Zee,,KYHWSEFE8N2BRXNPH2PJ5Z6P88,,ea,1
4/6/2019,11:42:22,Eastern Time (US & Canada),None,Chicken Fajitas,1,Regular,,,$7.50 ,$0.00 ,$7.50 ,$0.67 ,vbmMJSfGgcdmq71P8CYwMTqeV,Am5rYR44OAvNz1gMRn2k3tMF,,"Chicken Breast grilled and cut up served on a flour tortilla, with seared bell peppers and onions with just the right amount of Cheesy goodness !",Payment,Authentic by Zee,,TZ8E64B9KD2WJTV7FWV5ZH0N50,,ea,1
4/6/2019,11:42:22,Eastern Time (US & Canada),Chicken,BBQ Chicken,1,Regular,,,$6.00 ,$0.00 ,$6.00 ,$0.54 ,vbmMJSfGgcdmq71P8CYwMTqeV,Am5rYR44OAvNz1gMRn2k3tMF,,"Grilled Leg Quarters, stewed in HFCS Free BBQ sauce. 
Single plates are served with 2 side items of your choice.
Pans are served for catering events, typically with parties of 10 or more.",Payment,Authentic by Zee,,TZ8E64B9KD2WJTV7FWV5ZH0N50,,ea,1
4/6/2019,11:41:41,Eastern Time (US & Canada),None,Jerk Chicken,1,Regular,,,$7.50 ,$0.00 ,$7.50 ,$0.67 ,NukONbtGdmO0ArklC2brvV6eV,ougOuoYayX4vPieNbeMDHzMF,,Juicy Grilled Leg Quarters steamed down in the perfect sweet and Spicy sauce!,Payment,Authentic by Zee,,4894HXR5CN5Q6KSYDSJBF9TCYG,,ea,1
4/6/2019,11:41:09,Eastern Time (US & Canada),None,Custom Amount,1,,,,$9.00 ,$0.00 ,$9.00 ,$0.18 ,tGGJTbB5UMRz6w6igPpmgFteV,ZBYRMXjVFq5cChpNEgzqnuMF,,,Payment,Authentic by Zee,,ZS8GG073HN3FMVP8MP57FQQ1TW,,ea,1
4/6/2019,11:40:19,Eastern Time (US & Canada),None,Custom Amount,1,,,,$5.00 ,$0.00 ,$5.00 ,$0.10 ,5Ortu2Q0xfxWsNMshW5MiRxeV,nOrBs1s8ZTFlYkjma1EQxvMF,,,Payment,Authentic by Zee,,4H8BH8STMN070R93MKY08JGJYG,,ea,1
4/6/2019,11:38:34,Eastern Time (US & Canada),None,Chicken Fajitas,1,Regular,,,$7.50 ,$0.00 ,$7.50 ,$0.67 ,LzHeXQ2XO7xQmgG551sqCuweV,tw31AD64hvpYQo8KNRtePzMF,,"Chicken Breast grilled and cut up served on a flour tortilla, with seared bell peppers and onions with just the right amount of Cheesy goodness !",Payment,Authentic by Zee,,,,ea,1
4/4/2019,12:27:27,Eastern Time (US & Canada),Chicken,Curry chicken,1,Regular,,,$6.50 ,$0.00 ,$6.50 ,$0.59 ,hgwKRFvZSSTfr5Y1BcQGfQheV,xOMMM7wTnnnU0qTWr84hTyMF,,"Single plates are served with 2 side items of you choice.
Pans are served for catering events, typically for parties of 10 or more.",Payment,Authentic by Zee,,RJCX7J897D7SEPSVA0W9BNXMBW,,ea,1
4/4/2019,12:04:26,Eastern Time (US & Canada),None,Jerk Chicken,1,Regular,,,$7.50 ,$0.00 ,$7.50 ,$0.67 ,poU5aMiQcgis2xGhzqGoalfeV,dFjtnm1yQlbA9PoC5PdmSwMF,,Juicy Grilled Leg Quarters steamed down in the perfect sweet and Spicy sauce!,Payment,Authentic by Zee,,T6C5729Y8D6JPX491YXHXK3Z7M,,ea,1
4/4/2019,11:44:32,Eastern Time (US & Canada),Chicken,BBQ Chicken,1,Regular,,,$6.00 ,$0.00 ,$6.00 ,$0.54 ,dm82TKAjxD3MAqqAg2vKoegeV,VsENEFRCifmdSGMuzmHcUyMF,,"Grilled Leg Quarters, stewed in HFCS Free BBQ sauce. 
Single plates are served with 2 side items of your choice.
Pans are served for catering events, typically with parties of 10 or more.",Payment,Authentic by Zee,,0YHP831WSN50MRF7GHZCGW6WAW,,ea,1
4/4/2019,11:43:59,Eastern Time (US & Canada),Chicken,BBQ Chicken,1,Regular,,,$6.00 ,$0.00 ,$6.00 ,$0.54 ,B2jSjIhHAP3NLUz2XREZplAfV,PtTXKHHKrIEPfCHCIZMt8sMF,,"Grilled Leg Quarters, stewed in HFCS Free BBQ sauce. 
Single plates are served with 2 side items of your choice.
Pans are served for catering events, typically with parties of 10 or more.",Payment,Authentic by Zee,,TMRV0YK045202KTR4P0ZMD71P8,,ea,1
4/4/2019,11:42:46,Eastern Time (US & Canada),None,Jerk Chicken,1,Regular,,,$7.50 ,$0.00 ,$7.50 ,$0.67 ,tieE63O4lE0Is0MgIHgdDqAfV,VYX3Ycgv1NJ3sVoSQ5ZBFuMF,,Juicy Grilled Leg Quarters steamed down in the perfect sweet and Spicy sauce!,Payment,Authentic by Zee,,RKPQB4BXT5246JSAB7486RCC7R,,ea,1
4/4/2019,11:42:11,Eastern Time (US & Canada),None,Jerk Chicken,1,Regular,,,$7.50 ,$0.00 ,$7.50 ,$0.67 ,LfhkvLW2EVotIC3I4mRCrx7eV,LpBCYcm2l02xhzFa4XCCOxMF,,Juicy Grilled Leg Quarters steamed down in the perfect sweet and Spicy sauce!,Payment,Authentic by Zee,,ZS8GG073HN3FMVP8MP57FQQ1TW,,ea,1
4/4/2019,11:40:29,Eastern Time (US & Canada),None,Custom Amount,1,,,,$9.00 ,$0.00 ,$9.00 ,$0.18 ,7TDi9xuCZMSyG7R2LaZZJdweV,WRAiXJC1p4NUBOZNw8yCPuMF,,,Payment,Authentic by Zee,,4H8BH8STMN070R93MKY08JGJYG,,ea,1
4/4/2019,11:39:48,Eastern Time (US & Canada),None,Chicken Fajitas,1,Regular,,,$7.50 ,$0.00 ,$7.50 ,$0.67 ,ZUA49Wp5qO5Doevf84umLdqeV,vBHhkNuZ3B128GgumGKjnsMF,,"Chicken Breast grilled and cut up served on a flour tortilla, with seared bell peppers and onions with just the right amount of Cheesy goodness !",Payment,Authentic by Zee,,398GZ3KWVH538HBA0P6EF06SKG,,ea,1
4/4/2019,11:39:48,Eastern Time (US & Canada),Chicken,Curry chicken,1,Regular,,,$6.50 ,$0.00 ,$6.50 ,$0.59 ,ZUA49Wp5qO5Doevf84umLdqeV,vBHhkNuZ3B128GgumGKjnsMF,,"Single plates are served with 2 side items of you choice.
Pans are served for catering events, typically for parties of 10 or more.",Payment,Authentic by Zee,,398GZ3KWVH538HBA0P6EF06SKG,,ea,1
3/30/2019,14:04:49,Eastern Time (US & Canada),Speciality ,Cold Cut Catering,1,Regular,,,$120.00 ,($12.00),$108.00 ,$9.72 ,VQ9dYCjAMu1M70zG2ORFbGyeV,P6PJJX0DP7COubYZGTjHuuMF,,"Ham and Turkey cold cuts served on toasted hogie bread with provolone cheese, lettuce and tomatoes.",Payment,Authentic by Zee,,HS80KZNZPD4NZBC3BVTX8BVX3G,,ea,1
3/30/2019,14:04:49,Eastern Time (US & Canada),None,Salad Bar,1,Regular,,,$100.00 ,($10.00),$90.00 ,$8.10 ,VQ9dYCjAMu1M70zG2ORFbGyeV,P6PJJX0DP7COubYZGTjHuuMF,,"Fresh Spring Mix and Lettuce
Cheese
Bacon Bits
Croutons
Tomatoes
Bell Peppers
Jalapenos
Onions
Pickles
Dressings include:
Ranch 
Honey Mustard
Balsamic Vinegarette
Blue Cheese",Payment,Authentic by Zee,,HS80KZNZPD4NZBC3BVTX8BVX3G,,ea,1
3/30/2019,14:04:49,Eastern Time (US & Canada),None,Warm Buffet,1,Regular,,,$120.00 ,($12.00),$108.00 ,$9.72 ,VQ9dYCjAMu1M70zG2ORFbGyeV,P6PJJX0DP7COubYZGTjHuuMF,,"Chicken Fajitas
BBQ Chicken
Mac & Cheese
Steamed Cabbage 
Candied Yams",Payment,Authentic by Zee,,HS80KZNZPD4NZBC3BVTX8BVX3G,,ea,1
3/30/2019,12:26:32,Eastern Time (US & Canada),Chicken,Curry chicken,1,Regular,,,$6.50 ,$0.00 ,$6.50 ,$0.59 ,10rDi2lqVq4Sfy54dXJNSEleV,qvTJ0ju3wFLxZKUN95BHcwMF,,"Single plates are served with 2 side items of you choice.
Pans are served for catering events, typically for parties of 10 or more.",Payment,Authentic by Zee,,HBN1XZQ23945YXN9F25N3NECTW,,ea,1
3/30/2019,11:58:24,Eastern Time (US & Canada),None,Custom Amount,1,,,,$9.00 ,$0.00 ,$9.00 ,$0.18 ,FKMKBH4bil9ySivAr6lxRDweV,fhh8KjMeg3pj497JGw2CLQB,,,Payment,Authentic by Zee,,,,ea,1
3/30/2019,11:53:50,Eastern Time (US & Canada),None,Jerk Chicken,1,Regular,,,$7.50 ,$0.00 ,$7.50 ,$0.67 ,XpzwJLeySB9tpumN8qHOvPqeV,lFthTCtEZVukGaLXU8XaozMF,,Juicy Grilled Leg Quarters steamed down in the perfect sweet and Spicy sauce!,Payment,Authentic by Zee,,4894HXR5CN5Q6KSYDSJBF9TCYG,,ea,1
3/30/2019,11:53:31,Eastern Time (US & Canada),None,Jerk Chicken,1,Regular,,,$7.50 ,$0.00 ,$7.50 ,$0.67 ,b9Cp6QLKqMPwPa8UayfU6ajeV,UepZXkfprK6pU0DTAvg0VzMF,,Juicy Grilled Leg Quarters steamed down in the perfect sweet and Spicy sauce!,Payment,Authentic by Zee,,P99XYEVCNN44MMZFFGHWZ0VBSC,,ea,1
3/30/2019,11:52:57,Eastern Time (US & Canada),None,Chicken Fajitas,1,Regular,,,$7.50 ,$0.00 ,$7.50 ,$0.67 ,3zQSo6ewngi6iSGXwdACKFpeV,wgY6SZ6mCszDq0521LNfNvMF,,"Chicken Breast grilled and cut up served on a flour tortilla, with seared bell peppers and onions with just the right amount of Cheesy goodness !",Payment,Authentic by Zee,,KYHWSEFE8N2BRXNPH2PJ5Z6P88,,ea,1
3/30/2019,11:52:28,Eastern Time (US & Canada),Chicken,BBQ Chicken,1,Regular,,,$6.00 ,$0.00 ,$6.00 ,$0.54 ,7FMePz1LV1ZYWXNzDw5YhRueV,K8WDNklKUrwEW7q0fyJgJvMF,,"Grilled Leg Quarters, stewed in HFCS Free BBQ sauce. 
Single plates are served with 2 side items of your choice.
Pans are served for catering events, typically with parties of 10 or more.",Payment,Authentic by Zee,,TMRV0YK045202KTR4P0ZMD71P8,,ea,1
3/30/2019,11:48:36,Eastern Time (US & Canada),None,Chicken Fajitas,1,Regular,,,$7.50 ,$0.00 ,$7.50 ,$0.67 ,Ddas9jcP50oqDMmknys3pc3eV,eYzB422TjpgTvmvEwNW5ssMF,,"Chicken Breast grilled and cut up served on a flour tortilla, with seared bell peppers and onions with just the right amount of Cheesy goodness !",Payment,Authentic by Zee,,AN89QYH2DN0Q8NS8FN1W55H0J8,,ea,1
3/30/2019,11:46:12,Eastern Time (US & Canada),None,Custom Amount,1,,,,$9.00 ,$0.00 ,$9.00 ,$0.18 ,VOo5TihF4Cczo2oYTQ33SI2eV,x8w8qE68oq44Ajn8YktWtsMF,,,Payment,Authentic by Zee,,FKS0ECJGFN5EWQDM9ZM2H3PG64,,ea,1
3/30/2019,11:45:21,Eastern Time (US & Canada),None,Custom Amount,1,,,,$11.00 ,$0.00 ,$11.00 ,$0.22 ,JClXWmCplZu3QwfgM2rsYNmeV,5NBWD0Qmc7zglXWMDOslvsMF,,,Payment,Authentic by Zee,,398GZ3KWVH538HBA0P6EF06SKG,,ea,1
3/30/2019,11:43:20,Eastern Time (US & Canada),None,Jerk Chicken,1,Regular,,,$7.50 ,$0.00 ,$7.50 ,$0.67 ,z5wO9j7l4Y3Hq0kRmHMmQSneV,dTpsejcmytlAKznkdHXtHuMF,,Juicy Grilled Leg Quarters steamed down in the perfect sweet and Spicy sauce!,Payment,Authentic by Zee,,ZS8GG073HN3FMVP8MP57FQQ1TW,,ea,1
3/30/2019,11:42:51,Eastern Time (US & Canada),None,Jerk Chicken,1,Regular,,,$7.50 ,$0.00 ,$7.50 ,$0.67 ,PXIwShNrnFzQe3otWHr1TAveV,ye2eBNzLhpDeOrkh4mLn6xMF,,Juicy Grilled Leg Quarters steamed down in the perfect sweet and Spicy sauce!,Payment,Authentic by Zee,,Q5M3MW7ND54DMM6EDQ24R69PPR,,ea,1
3/30/2019,11:42:00,Eastern Time (US & Canada),None,Custom Amount,1,,,,$5.00 ,$0.00 ,$5.00 ,$0.10 ,7RQllmo0eNSvjy2YOLqQ113eV,cspNtA0bnhAWU95ElxLkSsMF,,,Payment,Authentic by Zee,,4H8BH8STMN070R93MKY08JGJYG,,ea,1
3/29/2019,8:56:54,Eastern Time (US & Canada),None,donations,1,,,,$50.00 ,$0.00 ,$50.00 ,$0.00 ,JSl55oTn5jk6v37NLbA7I9peV,4ZGDu4ypRd9kN0f1fMm8WzMF,,,Payment,Authentic by Zee,,VN88EHXC3H0HZ0A66ZPHHYP3TG,,ea,1
3/28/2019,12:18:37,Eastern Time (US & Canada),Chicken,Curry chicken,1,Regular,,,$6.50 ,$0.00 ,$6.50 ,$0.59 ,3HsFxocRoD0n86kThKFxrX5eV,LfPV2iRrVHnb2os3BCmHYxMF,,"Single plates are served with 2 side items of you choice.
Pans are served for catering events, typically for parties of 10 or more.",Payment,Authentic by Zee,,HBN1XZQ23945YXN9F25N3NECTW,,ea,1
3/28/2019,12:08:52,Eastern Time (US & Canada),Chicken,Curry chicken,1,Regular,,,$6.50 ,$0.00 ,$6.50 ,$0.59 ,nbShNQVOMWIF7dA9Ac2tLcmeV,hEzfP9V8xQenhDSeiOq78xMF,,"Single plates are served with 2 side items of you choice.
Pans are served for catering events, typically for parties of 10 or more.",Payment,Authentic by Zee,,RJCX7J897D7SEPSVA0W9BNXMBW,,ea,1
3/28/2019,12:00:42,Eastern Time (US & Canada),None,Chicken Fajitas,1,Regular,,,$7.50 ,$0.00 ,$7.50 ,$0.67 ,RenWYMnuRvbSj6unOcR2RiveV,CrpESNvGWmHr6kdJjzVIKuMF,,"Chicken Breast grilled and cut up served on a flour tortilla, with seared bell peppers and onions with just the right amount of Cheesy goodness !",Payment,Authentic by Zee,,VSW1XKEV415DYJQ3JETS8WDP5G,,ea,1
3/28/2019,11:58:48,Eastern Time (US & Canada),Beef,Short Ribs,1,Regular,,,$8.50 ,$0.00 ,$8.50 ,$0.77 ,FwFvcORv1M25T5O6UMZ1rkweV,I1zNRPtp3VaPhitEniq0dxMF,,,Payment,Authentic by Zee,,1EF0JSFCX14XVAQ17TARTADCW4,,ea,1
3/28/2019,11:52:54,Eastern Time (US & Canada),Beef,Short Ribs,1,Regular,,,$8.50 ,$0.00 ,$8.50 ,$0.77 ,pOx8nd3iDS0Ls6CD4VlFXK4eV,69i6WER3tcGlVdTXp6cu2zMF,,,Payment,Authentic by Zee,,3D9S2PT3H92CMVRVVG3CRRC1VR,,ea,1
3/28/2019,11:50:32,Eastern Time (US & Canada),Beef,Short Ribs,1,Regular,,,$8.50 ,$0.00 ,$8.50 ,$0.77 ,pUSb9uCWdixiJmWho5vI7kjeV,UhjqiTrRStk074KxJLZnLuMF,,,Payment,Authentic by Zee,,TMRV0YK045202KTR4P0ZMD71P8,,ea,1
3/28/2019,11:43:49,Eastern Time (US & Canada),None,Custom Amount,1,,,,$5.00 ,$0.00 ,$5.00 ,$0.10 ,16GjwGIjlQ3fbibgDcOOZRzeV,y494wFP6FHTi8xYweJZiNzMF,,,Payment,Authentic by Zee,,4H8BH8STMN070R93MKY08JGJYG,,ea,1
3/28/2019,11:42:57,Eastern Time (US & Canada),None,Jerk Chicken,1,Regular,,,$7.50 ,$0.00 ,$7.50 ,$0.67 ,tE5rH1iqmGkdVJo2OHYAp3peV,0UcNvfyRROttsgPrdchQFwMF,,Juicy Grilled Leg Quarters steamed down in the perfect sweet and Spicy sauce!,Payment,Authentic by Zee,,FKS0ECJGFN5EWQDM9ZM2H3PG64,,ea,1
3/23/2019,12:07:58,Eastern Time (US & Canada),Chicken,Curry chicken,1,Regular,,,$6.50 ,$0.00 ,$6.50 ,$0.59 ,pWvFzm8VxNF2mbEqxW3L0R0eV,yAjDKolX2Njy4kMkdMkQQzMF,,"Single plates are served with 2 side items of you choice.
Pans are served for catering events, typically for parties of 10 or more.",Payment,Authentic by Zee,,HBN1XZQ23945YXN9F25N3NECTW,,ea,1
3/23/2019,11:58:24,Eastern Time (US & Canada),None,Jerk Chicken,1,Regular,,,$7.50 ,$0.00 ,$7.50 ,$0.67 ,pWHRdpZsWsdVrIBnvG0qdk1eV,B6RHv66IutVPZ2BTKB1WRwMF,,Juicy Grilled Leg Quarters steamed down in the perfect sweet and Spicy sauce!,Payment,Authentic by Zee,,K1R3K88H1X4BTP8ADG3RRJ3NWC,,ea,1
3/23/2019,11:57:58,Eastern Time (US & Canada),None,Jerk Chicken,1,Regular,,,$7.50 ,$0.00 ,$7.50 ,$0.67 ,73TjuXDZPzSi2lAK8WfqpWweV,gShx4pRSj3smOlVB2wJFYuMF,,Juicy Grilled Leg Quarters steamed down in the perfect sweet and Spicy sauce!,Payment,Authentic by Zee,,P7J5G67S3X1DJW6BR6WE2BYJA8,,ea,1
3/23/2019,11:56:49,Eastern Time (US & Canada),Chicken,BBQ Chicken,1,Regular,,,$6.00 ,$0.00 ,$6.00 ,$0.54 ,dm0cOzl0p4v0SHdgrsisyS9eV,YMqeD1mjsgRrOQd2yxp00tMF,,"Grilled Leg Quarters, stewed in HFCS Free BBQ sauce. 
Single plates are served with 2 side items of your choice.
Pans are served for catering events, typically with parties of 10 or more.",Payment,Authentic by Zee,,1EF0JSFCX14XVAQ17TARTADCW4,,ea,1
3/23/2019,11:56:49,Eastern Time (US & Canada),None,Custom Amount,1,,,,$9.00 ,$0.00 ,$9.00 ,$0.18 ,dm0cOzl0p4v0SHdgrsisyS9eV,YMqeD1mjsgRrOQd2yxp00tMF,,,Payment,Authentic by Zee,,1EF0JSFCX14XVAQ17TARTADCW4,,ea,1
3/23/2019,11:42:13,Eastern Time (US & Canada),None,Custom Amount,1,,,,$5.00 ,$0.00 ,$5.00 ,$0.10 ,71QU3nlLz7czIcRrGKIa21eeV,6rFqMMobqICDke5xS7JXDxMF,,,Payment,Authentic by Zee,,4H8BH8STMN070R93MKY08JGJYG,,ea,1
3/23/2019,11:39:54,Eastern Time (US & Canada),Chicken,BBQ Chicken,1,Regular,,,$6.00 ,$0.00 ,$6.00 ,$0.54 ,nD0QPTJ02vXBMfs0p8OA5OseV,CKyc0XVLWd9FU414A5VYnuMF,,"Grilled Leg Quarters, stewed in HFCS Free BBQ sauce. 
Single plates are served with 2 side items of your choice.
Pans are served for catering events, typically with parties of 10 or more.",Payment,Authentic by Zee,,ZS8GG073HN3FMVP8MP57FQQ1TW,,ea,1
3/23/2019,11:39:00,Eastern Time (US & Canada),Chicken,Curry chicken,1,Regular,,,$6.50 ,$0.00 ,$6.50 ,$0.59 ,LR6ojy3djiwRy8f60XPQTWieV,5KmdYpl7pq7b2om0TMZx0tMF,,"Single plates are served with 2 side items of you choice.
Pans are served for catering events, typically for parties of 10 or more.",Payment,Authentic by Zee,,FKS0ECJGFN5EWQDM9ZM2H3PG64,,ea,1
3/23/2019,11:38:36,Eastern Time (US & Canada),Beef,Short Ribs,1,Regular,,,$8.50 ,$0.00 ,$8.50 ,$0.77 ,1g1Zwmp1GVBclIqvXKN0aRweV,i2MLsuPp2WMXdVEAsAaxPyMF,,,Payment,Authentic by Zee,,TMRV0YK045202KTR4P0ZMD71P8,,ea,1
3/23/2019,11:36:55,Eastern Time (US & Canada),Chicken,BBQ Chicken,1,Regular,,,$6.00 ,$0.00 ,$6.00 ,$0.54 ,Hze5Rp4qh9vZLrpWqm4ydZ7eV,iNJDpz4R7c7OSYsCAvmecvMF,,"Grilled Leg Quarters, stewed in HFCS Free BBQ sauce. 
Single plates are served with 2 side items of your choice.
Pans are served for catering events, typically with parties of 10 or more.",Payment,Authentic by Zee,,MVHN15E2W92R2V53BJXQEX8694,,ea,1
3/23/2019,11:36:10,Eastern Time (US & Canada),Beef,Short Ribs,1,Regular,,,$8.50 ,$0.00 ,$8.50 ,$0.77 ,3DmHDOLroca8LUmHAHKRaRieV,hsQrhwByKCcH8D12XH88JQB,,,Payment,Authentic by Zee,,,,ea,1
3/23/2019,11:35:47,Eastern Time (US & Canada),None,Chicken Fajitas,1,Regular,,,$7.50 ,$0.00 ,$7.50 ,$0.67 ,pWF2SUEHRPnFqC8uqrWyNiyeV,PEnGAMY1wZbRt53GZk3gLzMF,,"Chicken Breast grilled and cut up served on a flour tortilla, with seared bell peppers and onions with just the right amount of Cheesy goodness !",Payment,Authentic by Zee,,QQ7D7V08N56JRV35FBMZNCS8C4,,ea,1
3/23/2019,11:34:28,Eastern Time (US & Canada),None,Chicken Fajitas,1,Regular,,,$7.50 ,$0.00 ,$7.50 ,$0.67 ,P5tAJJ0WxaY3a4lUOsioHm9eV,JN2x39eFU8g8KPNtqy2QHwMF,,"Chicken Breast grilled and cut up served on a flour tortilla, with seared bell peppers and onions with just the right amount of Cheesy goodness !",Payment,Authentic by Zee,,KYHWSEFE8N2BRXNPH2PJ5Z6P88,,ea,1
3/23/2019,11:33:50,Eastern Time (US & Canada),Beef,Short Ribs,1,Regular,,,$8.50 ,$0.00 ,$8.50 ,$0.76 ,9s78H34x6OMSsdEQLgI0uFxeV,s9ZvPJqaHJKAJ9TJN0ahwtMF,,,Payment,Authentic by Zee,,3D9S2PT3H92CMVRVVG3CRRC1VR,,ea,1
3/23/2019,11:33:50,Eastern Time (US & Canada),Sides,Baked Mac,1,Regular,,,$3.00 ,$0.00 ,$3.00 ,$0.27 ,9s78H34x6OMSsdEQLgI0uFxeV,s9ZvPJqaHJKAJ9TJN0ahwtMF,,"Creamy Mac & Cheese mixed with ground beef, sauteed with onions and green and red bell peppers, seasoned to perfection an baked golden brown.",Payment,Authentic by Zee,,3D9S2PT3H92CMVRVVG3CRRC1VR,,ea,1
3/21/2019,12:18:04,Eastern Time (US & Canada),None,Jerk Chicken,1,Regular,,,$7.50 ,$0.00 ,$7.50 ,$0.67 ,zvVPd2EXe5t0KmHKY09aXv7eV,mQrx5FnnurUIQC940ZQkdxMF,,Juicy Grilled Leg Quarters steamed down in the perfect sweet and Spicy sauce!,Payment,Authentic by Zee,,VTZP99C8714SCMQXPZDEB0129C,,ea,1
3/21/2019,12:02:12,Eastern Time (US & Canada),Chicken,Curry chicken,1,Regular,,,$6.50 ,$0.00 ,$6.50 ,$0.59 ,tmKROZ52rX44BKaf9H3wv7heV,IQopVoHIEiCXdSY19BR2UsMF,,"Single plates are served with 2 side items of you choice.
Pans are served for catering events, typically for parties of 10 or more.",Payment,Authentic by Zee,,RJCX7J897D7SEPSVA0W9BNXMBW,,ea,1
3/21/2019,12:01:07,Eastern Time (US & Canada),Chicken,Curry chicken,1,Regular,,,$6.50 ,$0.00 ,$6.50 ,$0.59 ,X57QhnuKz562l0GEB6vfbCteV,4rJWOaXEa1tBA8uwa00z7tMF,,"Single plates are served with 2 side items of you choice.
Pans are served for catering events, typically for parties of 10 or more.",Payment,Authentic by Zee,,TCX3M9GV8X4YPJ4MJS1B7A5AW0,,ea,1
3/21/2019,11:52:06,Eastern Time (US & Canada),None,Chicken Fajitas,1,Regular,,,$7.50 ,$0.00 ,$7.50 ,$0.67 ,D3fuUlIYK4ngFrWJVhDZpbjeV,fjh83eKkiCKbfwF27nPSPtMF,,"Chicken Breast grilled and cut up served on a flour tortilla, with seared bell peppers and onions with just the right amount of Cheesy goodness !",Payment,Authentic by Zee,,2DMKN1J95924AQXZW50KQ8QSJ8,,ea,1
3/21/2019,11:50:47,Eastern Time (US & Canada),Dessert,'Nana Pudding,1,Regular,,,$3.00 ,$0.00 ,$3.00 ,$0.27 ,rpS25uKQP6AdPOhadvrkacveV,rIQALKJE2eZTiZqDpwPkPuMF,,,Payment,Authentic by Zee,,Q5M3MW7ND54DMM6EDQ24R69PPR,,ea,1
3/21/2019,11:50:47,Eastern Time (US & Canada),None,Jerk Chicken,1,Regular,,,$7.50 ,$0.00 ,$7.50 ,$0.68 ,rpS25uKQP6AdPOhadvrkacveV,rIQALKJE2eZTiZqDpwPkPuMF,,Juicy Grilled Leg Quarters steamed down in the perfect sweet and Spicy sauce!,Payment,Authentic by Zee,,Q5M3MW7ND54DMM6EDQ24R69PPR,,ea,1
3/21/2019,11:49:07,Eastern Time (US & Canada),None,Chicken Fajitas,1,Regular,,,$7.50 ,$0.00 ,$7.50 ,$0.67 ,v5dsfYOfHtSAeh22a1EKs3peV,xFPlARVlVrXtNkaUVmotSyMF,,"Chicken Breast grilled and cut up served on a flour tortilla, with seared bell peppers and onions with just the right amount of Cheesy goodness !",Payment,Authentic by Zee,,QQ7D7V08N56JRV35FBMZNCS8C4,,ea,1
3/21/2019,11:48:38,Eastern Time (US & Canada),Beef,Short Ribs,1,Regular,,,$8.50 ,$0.00 ,$8.50 ,$0.76 ,7ZygR5Ua4D4an8VUi0TdVHgeV,PfIdOaLcCtc49b8hzSfgfuMF,,,Payment,Authentic by Zee,,TMRV0YK045202KTR4P0ZMD71P8,,ea,1
3/21/2019,11:48:38,Eastern Time (US & Canada),Dessert,'Nana Pudding,1,Regular,,,$3.00 ,$0.00 ,$3.00 ,$0.27 ,7ZygR5Ua4D4an8VUi0TdVHgeV,PfIdOaLcCtc49b8hzSfgfuMF,,,Payment,Authentic by Zee,,TMRV0YK045202KTR4P0ZMD71P8,,ea,1
3/21/2019,11:40:41,Eastern Time (US & Canada),Beef,Short Ribs,1,Regular,,,$8.50 ,$0.00 ,$8.50 ,$0.77 ,DfrqS4S7LxQSocqWVmKxuNgeV,VeQjooMsaQ2LQQsyh5ihKQB,,,Payment,Authentic by Zee,,,,ea,1
3/21/2019,11:37:57,Eastern Time (US & Canada),Beef,Short Ribs,1,Regular,,,$8.50 ,$0.00 ,$8.50 ,$0.77 ,Feymw9ptoBN4rvc7gnTbB34eV,Fqq7x5IZhvcTufCBfNfJduMF,,,Payment,Authentic by Zee,,MVHN15E2W92R2V53BJXQEX8694,,ea,1
3/21/2019,11:36:00,Eastern Time (US & Canada),None,Custom Amount,1,,,,$5.00 ,$0.00 ,$5.00 ,$0.10 ,7VmRqy5EPprvbnzIXCRWRU8eV,K0NK1AVo2suB66XCk10aSuMF,,,Payment,Authentic by Zee,,4H8BH8STMN070R93MKY08JGJYG,,ea,1
3/21/2019,11:34:57,Eastern Time (US & Canada),Chicken,Curry chicken,1,Regular,,,$6.50 ,$0.00 ,$6.50 ,$0.59 ,jjLzbFtpjEwWdbx4aWjvoGqeV,Dw96hd1w54DxMBOn7wVSszMF,,"Single plates are served with 2 side items of you choice.
Pans are served for catering events, typically for parties of 10 or more.",Payment,Authentic by Zee,,C3Z2RK0CK9020HR43N5X1FQTBG,,ea,1
3/21/2019,11:34:57,Eastern Time (US & Canada),None,Chicken Fajitas,1,Regular,,,$7.50 ,$0.00 ,$7.50 ,$0.67 ,jjLzbFtpjEwWdbx4aWjvoGqeV,Dw96hd1w54DxMBOn7wVSszMF,,"Chicken Breast grilled and cut up served on a flour tortilla, with seared bell peppers and onions with just the right amount of Cheesy goodness !",Payment,Authentic by Zee,,C3Z2RK0CK9020HR43N5X1FQTBG,,ea,1
3/16/2019,15:05:49,Eastern Time (US & Canada),Beef,Oxtail,1,Regular,,,$14.00 ,$0.00 ,$14.00 ,$1.26 ,N4le8a9koUhvdpedMwCfvFzeV,9Yv5FExQDgkbz8odCoNQQsMF,,,Payment,Authentic by Zee,,3JBPE0TBX949MPH8GZ70C3534G,,ea,1
3/16/2019,14:31:01,Eastern Time (US & Canada),None,Jerk Chicken,2,Regular,,,$15.00 ,$0.00 ,$15.00 ,$1.35 ,fJ3tShXt8piMalsqCmRFO1ieV,DIfahljLR1D7qgmCcU8u4tMF,,Juicy Grilled Leg Quarters steamed down in the perfect sweet and Spicy sauce!,Payment,Authentic by Zee,,8Z2YMHJHRS1R2X8257BBWBR0J0,,ea,2
3/16/2019,12:53:41,Eastern Time (US & Canada),Sides,CORNBREAD CASSEROLE,2,Regular,,,$4.00 ,$0.00 ,$4.00 ,$0.36 ,VcXtB17suNhtn7hEOFAebafeV,XlPVIFkr2PPMqqAY2hNtKQB,,,Payment,Authentic by Zee,,WHBJN3GMKS6ZS4D44JMMM753WG,,ea,2
3/16/2019,12:53:41,Eastern Time (US & Canada),None,Jerk Chicken,2,Regular,,,$15.00 ,$0.00 ,$15.00 ,$1.35 ,VcXtB17suNhtn7hEOFAebafeV,XlPVIFkr2PPMqqAY2hNtKQB,,"1.  Mac & cheese- Cornbread
2. Mac & cheese- Cabbage",Payment,Authentic by Zee,,WHBJN3GMKS6ZS4D44JMMM753WG,,ea,2
3/16/2019,12:53:41,Eastern Time (US & Canada),None,Jerk Chicken Lrg,1,Regular,,,$10.00 ,$0.00 ,$10.00 ,$0.90 ,VcXtB17suNhtn7hEOFAebafeV,XlPVIFkr2PPMqqAY2hNtKQB,,"Rice- Cabbage- Mac w/ add'l sides of CB Cas. & Fried Plantain. (add'l sides $2/ea, added in invoice separately)",Payment,Authentic by Zee,,WHBJN3GMKS6ZS4D44JMMM753WG,,ea,1
3/16/2019,12:53:41,Eastern Time (US & Canada),None,Jerk Chicken Lrg,1,Regular,,,$10.00 ,$0.00 ,$10.00 ,$0.90 ,VcXtB17suNhtn7hEOFAebafeV,XlPVIFkr2PPMqqAY2hNtKQB,,"Rice- Cabbage- Mac& Cheese, add'l CB Cas. (add'l side items $2/ea, added in invoice)",Payment,Authentic by Zee,,WHBJN3GMKS6ZS4D44JMMM753WG,,ea,1
3/16/2019,12:53:41,Eastern Time (US & Canada),Sides,Plantain,1,Regular,92,,$2.00 ,$0.00 ,$2.00 ,$0.18 ,VcXtB17suNhtn7hEOFAebafeV,XlPVIFkr2PPMqqAY2hNtKQB,,,Payment,Authentic by Zee,,WHBJN3GMKS6ZS4D44JMMM753WG,,ea,1
3/16/2019,12:00:10,Eastern Time (US & Canada),Chicken,Curry chicken,1,Regular,,,$6.50 ,$0.00 ,$6.50 ,$0.59 ,zvpdNThkyaLHdYrNRA9rIi7eV,FNDtb2JNm9AEmBOihPTOLwMF,,"Single plates are served with 2 side items of you choice.
Pans are served for catering events, typically for parties of 10 or more.",Payment,Authentic by Zee,,RJCX7J897D7SEPSVA0W9BNXMBW,,ea,1
3/16/2019,11:58:28,Eastern Time (US & Canada),None,Chicken Fajitas,1,Regular,,,$7.50 ,$0.00 ,$7.50 ,$0.67 ,9IJGQVoxnHn0HhI0bj0CfazeV,u5gsRgnH6f0sMFltj8QpevMF,,"Chicken Breast grilled and cut up served on a flour tortilla, with seared bell peppers and onions with just the right amount of Cheesy goodness !",Payment,Authentic by Zee,,GPSJK640V96RRM7MYJ1YK39YGW,,ea,1
3/16/2019,11:57:56,Eastern Time (US & Canada),None,Custom Amount,1,,,,$7.50 ,$0.00 ,$7.50 ,$0.15 ,lCAI0lkOdhzkK7PagWRD9fkeV,Ek3i7jzvIoc2O1tYi6Pf4sMF,,,Payment,Authentic by Zee,,P99XYEVCNN44MMZFFGHWZ0VBSC,,ea,1
3/16/2019,11:57:04,Eastern Time (US & Canada),None,Custom Amount,1,,,,$9.00 ,$0.00 ,$9.00 ,$0.18 ,5skiAxv0GjsZIJdyqTg2snkeV,NTuUx3OomIMe0h7dBV2eMtMF,,,Payment,Authentic by Zee,,57N4EB7CCS1YGN7C0NC4T4ZRQ4,,ea,1
3/16/2019,11:56:33,Eastern Time (US & Canada),None,Custom Amount,1,,,,$9.00 ,$0.00 ,$9.00 ,$0.18 ,P7mAJWnNy2HXMMAcM1V3AgjeV,ziXvlT67MjmnnTLnHbqBHxMF,,,Payment,Authentic by Zee,,57N4EB7CCS1YGN7C0NC4T4ZRQ4,,ea,1
3/16/2019,11:56:09,Eastern Time (US & Canada),Beef,Short Ribs,1,Regular,,,$8.50 ,$0.00 ,$8.50 ,$0.77 ,LZa0wvGZ9RLL2dUQdyvUmBoeV,Cfx0A8BcKjGGU98D6mtQEtMF,,,Payment,Authentic by Zee,,3D9S2PT3H92CMVRVVG3CRRC1VR,,ea,1
3/16/2019,11:56:09,Eastern Time (US & Canada),None,Custom Amount,1,,,,$1.50 ,$0.00 ,$1.50 ,$0.03 ,LZa0wvGZ9RLL2dUQdyvUmBoeV,Cfx0A8BcKjGGU98D6mtQEtMF,,,Payment,Authentic by Zee,,3D9S2PT3H92CMVRVVG3CRRC1VR,,ea,1
3/14/2019,12:07:22,Eastern Time (US & Canada),None,Custom Amount,1,,,,$9.00 ,$0.00 ,$9.00 ,$0.18 ,b3NAmWtJ3RiVnOvYZfoCye2eV,tHkCaZcvIXIB2ZyuJpKJJuMF,,,Payment,Authentic by Zee,,2R3HS337WN6HPSD3HDHY9P5BA4,,ea,1
3/14/2019,11:56:29,Eastern Time (US & Canada),None,Chicken Fajitas,1,Regular,,,$7.50 ,$0.00 ,$7.50 ,$0.67 ,Lb5DCWNgqFN0CmF1mR32C9meV,hSbzBVr5Ha0zKHpAE9oJKQB,,"Chicken Breast grilled and cut up served on a flour tortilla, with seared bell peppers and onions with just the right amount of Cheesy goodness !",Payment,Authentic by Zee,,57N4EB7CCS1YGN7C0NC4T4ZRQ4,,ea,1
3/14/2019,11:56:01,Eastern Time (US & Canada),None,Chicken Fajitas,1,Regular,,,$7.50 ,$0.00 ,$7.50 ,$0.67 ,1EfREhxZ136WR582WypFX6ieV,FpSnS1jyWyjcWOKbNOs3zzMF,,"Chicken Breast grilled and cut up served on a flour tortilla, with seared bell peppers and onions with just the right amount of Cheesy goodness !",Payment,Authentic by Zee,,C3Z2RK0CK9020HR43N5X1FQTBG,,ea,1
3/14/2019,11:55:00,Eastern Time (US & Canada),None,Chicken Fajitas,1,Regular,,,$7.50 ,$0.00 ,$7.50 ,$0.67 ,TXV53Bmam0GJ31mCHlWTdIteV,CRZDGbgMV24goBrDWiHOvxMF,,"Chicken Breast grilled and cut up served on a flour tortilla, with seared bell peppers and onions with just the right amount of Cheesy goodness !",Payment,Authentic by Zee,,84WAYJTEK12RF7E50FQMCSDMG8,,ea,1
3/14/2019,11:52:43,Eastern Time (US & Canada),Chicken,BBQ Chicken,1,Regular,,,$6.00 ,$0.00 ,$6.00 ,$0.54 ,VIv2pZwp5eEs8r5nrixPQX8eV,knsnQfTVBp7pNPHq7YooRyMF,,"Grilled Leg Quarters, stewed in HFCS Free BBQ sauce. 
Single plates are served with 2 side items of your choice.
Pans are served for catering events, typically with parties of 10 or more.",Payment,Authentic by Zee,,6XPHG4PPBS0HANEVK4SVGMZJAR,,ea,1
3/14/2019,11:50:46,Eastern Time (US & Canada),Chicken,BBQ Chicken,1,Regular,,,$6.00 ,$0.00 ,$6.00 ,$0.54 ,7n583lslfrJYNvm8CRYYwCreV,UHTjJv1Fezo81ngoql3jFvMF,,"Grilled Leg Quarters, stewed in HFCS Free BBQ sauce. 
Single plates are served with 2 side items of your choice.
Pans are served for catering events, typically with parties of 10 or more.",Payment,Authentic by Zee,,0YHP831WSN50MRF7GHZCGW6WAW,,ea,1
3/14/2019,11:47:25,Eastern Time (US & Canada),Chicken,BBQ Chicken,1,Regular,,,$6.00 ,$0.00 ,$6.00 ,$0.54 ,xWriiAxzLATtCCMBwuug8hqeV,YqKhcHoucve2BOjk6PUOCyMF,,"Grilled Leg Quarters, stewed in HFCS Free BBQ sauce. 
Single plates are served with 2 side items of your choice.
Pans are served for catering events, typically with parties of 10 or more.",Payment,Authentic by Zee,,MVHN15E2W92R2V53BJXQEX8694,,ea,1
3/14/2019,11:46:51,Eastern Time (US & Canada),None,Custom Amount,1,,,,$9.00 ,$0.00 ,$9.00 ,$0.18 ,jPzIn6ikn3WjBEi5F9QnglveV,ISnQipYjTzgFFULdBF4u9vMF,,,Payment,Authentic by Zee,,CJ65AFD9C14RJRNYCBD4H2ER90,,ea,1
3/14/2019,11:45:41,Eastern Time (US & Canada),None,Jerk Chicken,1,Regular,,,$7.50 ,$0.00 ,$7.50 ,$0.67 ,dEB1P9Fmx3ab0QqDeTbgn4reV,QJ7SxZYZj7yMg5r94qowcyMF,,Juicy Grilled Leg Quarters steamed down in the perfect sweet and Spicy sauce!,Payment,Authentic by Zee,,ZS8GG073HN3FMVP8MP57FQQ1TW,,ea,1
3/14/2019,11:45:41,Eastern Time (US & Canada),Chicken,BBQ Chicken,1,Regular,,,$6.00 ,$0.00 ,$6.00 ,$0.54 ,dEB1P9Fmx3ab0QqDeTbgn4reV,QJ7SxZYZj7yMg5r94qowcyMF,,"Grilled Leg Quarters, stewed in HFCS Free BBQ sauce. 
Single plates are served with 2 side items of your choice.
Pans are served for catering events, typically with parties of 10 or more.",Payment,Authentic by Zee,,ZS8GG073HN3FMVP8MP57FQQ1TW,,ea,1
3/13/2019,17:02:26,Eastern Time (US & Canada),None,Chicken Fajitas,3,Regular,,,$22.50 ,$0.00 ,$22.50 ,$2.02 ,Xn2A43WLbmQlj04clcpSwVfeV,53WVgkQh18TphGb5o6izMxMF,,"1. Rice
2. Rice
3. Rice",Payment,Authentic by Zee,,2MTA1VNYHD1ED91RV7X0ZC0PZ4,,ea,3
3/13/2019,17:02:26,Eastern Time (US & Canada),None,Jerk Chicken,4,Regular,,,$26.00 ,$0.00 ,$26.00 ,$2.34 ,Xn2A43WLbmQlj04clcpSwVfeV,53WVgkQh18TphGb5o6izMxMF,,"1. Mac & Cheese- John Griffin
2. Rice- Jason Crooks
3. Mac & Cheese- Melissa Lukas
4. Plantain- Mike Spann",Payment,Authentic by Zee,,2MTA1VNYHD1ED91RV7X0ZC0PZ4,,ea,4
3/13/2019,17:02:26,Eastern Time (US & Canada),Beef,Short Ribs,4,Regular,,,$34.00 ,$0.00 ,$34.00 ,$3.06 ,Xn2A43WLbmQlj04clcpSwVfeV,53WVgkQh18TphGb5o6izMxMF,,"1. Mac & Cheese- Brian Shuford
2.Mac & Cheese- Sang Moon
3. Cabbage- Matthew Current
4.Mac & Cheese- Phillip Myers",Payment,Authentic by Zee,,2MTA1VNYHD1ED91RV7X0ZC0PZ4,,ea,4
3/13/2019,17:02:26,Eastern Time (US & Canada),Dessert,'Nana Pudding,1,Regular,,,$3.00 ,$0.00 ,$3.00 ,$0.27 ,Xn2A43WLbmQlj04clcpSwVfeV,53WVgkQh18TphGb5o6izMxMF,,,Payment,Authentic by Zee,,2MTA1VNYHD1ED91RV7X0ZC0PZ4,,ea,1
3/9/2019,12:05:15,Eastern Time (US & Canada),Chicken,Curry chicken,1,Regular,,,$6.50 ,$0.00 ,$6.50 ,$0.59 ,x8INZQgq0CppesEWU5I86lseV,KSTUfxB8j1UdLka4Ju4EruMF,,"Single plates are served with 2 side items of you choice.
Pans are served for catering events, typically for parties of 10 or more.",Payment,Authentic by Zee,,TB67HBDVVS2NAQ3RBM2FH4QAHW,,ea,1
3/9/2019,12:02:31,Eastern Time (US & Canada),None,Custom Amount,1,,,,$10.00 ,$0.00 ,$10.00 ,$0.20 ,hmZJHbkVBIyqDJ2pwWk5tA0eV,TgmOGwrITo2SKFChSFZiozMF,,,Payment,Authentic by Zee,,TCX3M9GV8X4YPJ4MJS1B7A5AW0,,ea,1
3/9/2019,11:59:44,Eastern Time (US & Canada),None,Custom Amount,1,,,,$9.00 ,$0.00 ,$9.00 ,$0.18 ,TxWJaZu4Tj5IVYEI7mIeWJzeV,ZD0072yMpu6jHKarZmcrxzMF,,,Payment,Authentic by Zee,,WA7MPG3K414XMYA8E8Q187FG2C,,ea,1
3/9/2019,11:58:58,Eastern Time (US & Canada),Beef,Short Ribs,1,Regular,,,$8.50 ,$0.00 ,$8.50 ,$0.77 ,hceWH5ihQYnQcmc0wonj3aseV,UUufKcwFeMiIMJJdNnSxowMF,,,Payment,Authentic by Zee,,2R3HS337WN6HPSD3HDHY9P5BA4,,ea,1
3/9/2019,11:57:04,Eastern Time (US & Canada),None,Oxtail,1,Regular,,,$14.00 ,$0.00 ,$14.00 ,$1.26 ,DrV4YiJDkvRhZ8LjBCx5cYxeV,obhyDqc77jHt4rH24VP49uMF,,,Payment,Authentic by Zee,,6XPHG4PPBS0HANEVK4SVGMZJAR,,ea,1
3/9/2019,11:56:13,Eastern Time (US & Canada),Chicken,Curry chicken,1,Regular,,,$6.50 ,$0.00 ,$6.50 ,$0.59 ,7psjU8KGEU4zHimUp4ilTdjeV,mJ0w70lCTFZU8vY4p4zBwtMF,,"Single plates are served with 2 side items of you choice.
Pans are served for catering events, typically for parties of 10 or more.",Payment,Authentic by Zee,,4894HXR5CN5Q6KSYDSJBF9TCYG,,ea,1
3/9/2019,11:55:44,Eastern Time (US & Canada),Chicken,Curry chicken,1,Regular,,,$6.50 ,$0.00 ,$6.50 ,$0.59 ,rVMaMfYvKwLkkKCS0i64u3jeV,46j4HaFhMeWEZpZLiTQYdxMF,,"Single plates are served with 2 side items of you choice.
Pans are served for catering events, typically for parties of 10 or more.",Payment,Authentic by Zee,,Q5M3MW7ND54DMM6EDQ24R69PPR,,ea,1
3/9/2019,11:55:14,Eastern Time (US & Canada),Chicken,Curry chicken,1,Regular,,,$6.50 ,$0.00 ,$6.50 ,$0.59 ,96QFqkklYJjYItEvkAd0xC4eV,kzqHKypnJ1crCm2N0pfE2tMF,,"Single plates are served with 2 side items of you choice.
Pans are served for catering events, typically for parties of 10 or more.",Payment,Authentic by Zee,,J32RFP39E168GV18Z2C9XHHVQG,,ea,1
3/9/2019,11:54:44,Eastern Time (US & Canada),None,Oxtail,1,Regular,,,$14.00 ,$0.00 ,$14.00 ,$1.26 ,ZS7Igds7WwZrBjzIXGzk3CweV,dQcrlguD0WgvdyGQlRPNKuMF,,,Payment,Authentic by Zee,,YD32NBYQ1D7VTJXGTCCANXJZTW,,ea,1
3/9/2019,11:54:44,Eastern Time (US & Canada),None,Custom Amount,1,,,,$14.00 ,$0.00 ,$14.00 ,$0.28 ,ZS7Igds7WwZrBjzIXGzk3CweV,dQcrlguD0WgvdyGQlRPNKuMF,,,Payment,Authentic by Zee,,YD32NBYQ1D7VTJXGTCCANXJZTW,,ea,1
3/9/2019,11:54:44,Eastern Time (US & Canada),Chicken,Curry chicken,1,Regular,,,$6.50 ,$0.00 ,$6.50 ,$0.59 ,ZS7Igds7WwZrBjzIXGzk3CweV,dQcrlguD0WgvdyGQlRPNKuMF,,"Single plates are served with 2 side items of you choice.
Pans are served for catering events, typically for parties of 10 or more.",Payment,Authentic by Zee,,YD32NBYQ1D7VTJXGTCCANXJZTW,,ea,1
3/9/2019,11:53:30,Eastern Time (US & Canada),None,Custom Amount,1,,,,$9.00 ,$0.00 ,$9.00 ,$0.18 ,XJN5JUbrInHnqydScTmmUUreV,QaPXZHfSHpR8O7E1J4HT0tMF,,,Payment,Authentic by Zee,,QJQ6PAVRB15VTP2DADFRE505K0,,ea,1
3/9/2019,11:53:30,Eastern Time (US & Canada),None,Oxtail,1,Regular,,,$14.00 ,$0.00 ,$14.00 ,$1.26 ,XJN5JUbrInHnqydScTmmUUreV,QaPXZHfSHpR8O7E1J4HT0tMF,,,Payment,Authentic by Zee,,QJQ6PAVRB15VTP2DADFRE505K0,,ea,1
3/9/2019,11:51:49,Eastern Time (US & Canada),Chicken,BBQ Chicken,1,Regular,,,$6.00 ,$0.00 ,$6.00 ,$0.54 ,pAaC2tDWulFfIdZ1r6WnlUgeV,CnVs2B7Oa0gwWrx94FDXByMF,,"Grilled Leg Quarters, stewed in HFCS Free BBQ sauce. 
Single plates are served with 2 side items of your choice.
Pans are served for catering events, typically with parties of 10 or more.",Payment,Authentic by Zee,,0YHP831WSN50MRF7GHZCGW6WAW,,ea,1
3/9/2019,11:49:22,Eastern Time (US & Canada),Beef,Short Ribs,1,Regular,,,$8.50 ,$0.00 ,$8.50 ,$0.77 ,BkMrTIN8Ogn0gP1OaH79tnreV,j0syCdhX3pixn1j2rZpkdxMF,,,Payment,Authentic by Zee,,3D9S2PT3H92CMVRVVG3CRRC1VR,,ea,1
3/9/2019,11:48:44,Eastern Time (US & Canada),None,Chicken Fajitas,1,Regular,,,$7.50 ,$0.00 ,$7.50 ,$0.67 ,hCJuxTOnnoGYNpyTZs7j8g9eV,SB7Cy8rDjwfrRp31HuSspsMF,,"Chicken Breast grilled and cut up served on a flour tortilla, with seared bell peppers and onions with just the right amount of Cheesy goodness !",Payment,Authentic by Zee,,QQ7D7V08N56JRV35FBMZNCS8C4,,ea,1
3/9/2019,11:48:16,Eastern Time (US & Canada),None,Jerk Chicken,1,Regular,,,$6.50 ,$0.00 ,$6.50 ,$0.59 ,f9p3fCwbGms4oFSULSftfuoeV,ByjJX7R3LVx1k85gFzf1NzMF,,Juicy Grilled Leg Quarters steamed down in the perfect sweet and Spicy sauce!,Payment,Authentic by Zee,,ZS8GG073HN3FMVP8MP57FQQ1TW,,ea,1
3/9/2019,11:46:36,Eastern Time (US & Canada),None,Custom Amount,1,,,,$9.00 ,$0.00 ,$9.00 ,$0.18 ,rh0tDeynSxNcuUlZuI83Gf0eV,yUqnwOj2C02u5ya9Owzw1uMF,,,Payment,Authentic by Zee,,MVHN15E2W92R2V53BJXQEX8694,,ea,1
3/9/2019,11:45:05,Eastern Time (US & Canada),Chicken,BBQ Chicken,1,Regular,,,$6.00 ,$0.00 ,$6.00 ,$0.54 ,t0roVKj2rtHeMRaz5iCHOw8eV,nB7OmaqZ7KK0ntLfbA0MKQB,,"Grilled Leg Quarters, stewed in HFCS Free BBQ sauce. 
Single plates are served with 2 side items of your choice.
Pans are served for catering events, typically with parties of 10 or more.",Payment,Authentic by Zee,,,,ea,1
3/9/2019,11:43:45,Eastern Time (US & Canada),Beef,Short Ribs,1,Regular,,,$8.50 ,$0.00 ,$8.50 ,$0.77 ,5m1avZJDDzE9N1eMUSnF3kzeV,j9QTMfH6dpqi80Nw2kBjHzMF,,,Payment,Authentic by Zee,,6P348DPDE138PMTR79A2XM3YQM,,ea,1
3/9/2019,11:42:20,Eastern Time (US & Canada),None,Custom Amount,1,,,,$5.00 ,$0.00 ,$5.00 ,$0.10 ,54KWCHEjU2RfnWL278B5UG2eV,dZGi5DNRPDKEZThecyxHrxMF,,,Payment,Authentic by Zee,,0YHP831WSN50MRF7GHZCGW6WAW,,ea,1
3/9/2019,11:40:49,Eastern Time (US & Canada),Beef,Short Ribs,1,Regular,,,$8.50 ,$0.00 ,$8.50 ,$0.77 ,NmgM839xBZaSbWBV7sXoCp9eV,wEsWxMHckYsI3mb6NFT8GyMF,,,Payment,Authentic by Zee,,P99XYEVCNN44MMZFFGHWZ0VBSC,,ea,1
3/8/2019,12:25:00,Eastern Time (US & Canada),None,Custom Amount,1,,,,$52.50 ,$0.00 ,$52.50 ,$0.00 ,vnoIStCqjKODIOfuSMYGr7yeV,576hLXQeQjomIyOqKJSSEvMF,,,Payment,Authentic by Zee,,GPM63RFE950G8V5P0FVAJ24C60,,ea,1
3/7/2019,11:55:51,Eastern Time (US & Canada),None,Chicken Fajitas,1,Regular,,,$7.50 ,$0.00 ,$7.50 ,$0.67 ,Z8IgsadPrAF7vCD2l6odaM4eV,AZgB5tneIXA6mweYRjEfvwMF,,"Chicken Breast grilled and cut up served on a flour tortilla, with seared bell peppers and onions with just the right amount of Cheesy goodness !",Payment,Authentic by Zee,,4H8BH8STMN070R93MKY08JGJYG,,ea,1
3/7/2019,11:55:51,Eastern Time (US & Canada),None,Custom Amount,1,,,,$1.50 ,$0.00 ,$1.50 ,$0.03 ,Z8IgsadPrAF7vCD2l6odaM4eV,AZgB5tneIXA6mweYRjEfvwMF,,,Payment,Authentic by Zee,,4H8BH8STMN070R93MKY08JGJYG,,ea,1
3/7/2019,11:52:58,Eastern Time (US & Canada),Chicken,Curry chicken,1,Regular,,,$6.50 ,$0.00 ,$6.50 ,$0.59 ,5mdIO0wqAVy0ShI7mAls7VreV,uE1gFjaMQauRKvUERdcCNyMF,,,Payment,Authentic by Zee,,TCX3M9GV8X4YPJ4MJS1B7A5AW0,,ea,1
3/7/2019,11:50:16,Eastern Time (US & Canada),Beef,Short Ribs,1,Regular,,,$8.50 ,$0.00 ,$8.50 ,$0.76 ,TpmDWB5SEybyu14PLmy1bAseV,QzYICzlraYS4yd8mAfWa7tMF,,,Payment,Authentic by Zee,,6XPHG4PPBS0HANEVK4SVGMZJAR,,ea,1
3/7/2019,11:50:16,Eastern Time (US & Canada),Dessert,'Nana Pudding,1,Regular,,,$3.00 ,$0.00 ,$3.00 ,$0.27 ,TpmDWB5SEybyu14PLmy1bAseV,QzYICzlraYS4yd8mAfWa7tMF,,,Payment,Authentic by Zee,,6XPHG4PPBS0HANEVK4SVGMZJAR,,ea,1
3/7/2019,11:49:36,Eastern Time (US & Canada),None,Jerk Chicken,1,Regular,,,$6.50 ,$0.00 ,$6.50 ,$0.58 ,RwCVdTCWTsCQJtkVrhkUiOpeV,te1ccrbxRR9Jcp2xorU9ZyMF,,Juicy Grilled Leg Quarters steamed down in the perfect sweet and Spicy sauce!,Payment,Authentic by Zee,,4894HXR5CN5Q6KSYDSJBF9TCYG,,ea,1
3/7/2019,11:49:36,Eastern Time (US & Canada),Dessert,'Nana Pudding,1,Regular,,,$3.00 ,$0.00 ,$3.00 ,$0.27 ,RwCVdTCWTsCQJtkVrhkUiOpeV,te1ccrbxRR9Jcp2xorU9ZyMF,,,Payment,Authentic by Zee,,4894HXR5CN5Q6KSYDSJBF9TCYG,,ea,1
3/7/2019,11:47:47,Eastern Time (US & Canada),Chicken,Curry chicken,1,Regular,,,$6.50 ,$0.00 ,$6.50 ,$0.59 ,bbXs6mSYWiYQJboDafb78PAfV,SSDkLAijY2GvIKsQIEt4mzMF,,,Payment,Authentic by Zee,,RJCX7J897D7SEPSVA0W9BNXMBW,,ea,1
3/7/2019,11:46:41,Eastern Time (US & Canada),Beef,Short Ribs,1,Regular,,,$8.50 ,$0.00 ,$8.50 ,$0.77 ,PlJRCMJ9J169qvlrMpHN0IAfV,NGcQl4FAWOkSjkXUvaGQLQB,,,Payment,Authentic by Zee,,,,ea,1
3/7/2019,11:45:46,Eastern Time (US & Canada),None,Jerk Chicken,1,Regular,,,$6.50 ,$0.00 ,$6.50 ,$0.59 ,D928AGe921FF5xfH7Ut0VareV,8qAZH0qwJxAVorUN6ia9uxMF,,Juicy Grilled Leg Quarters steamed down in the perfect sweet and Spicy sauce!,Payment,Authentic by Zee,,MVHN15E2W92R2V53BJXQEX8694,,ea,1
3/7/2019,11:44:43,Eastern Time (US & Canada),Beef,Short Ribs,1,Regular,,,$8.50 ,$0.00 ,$8.50 ,$0.77 ,hOtTOiHa53OX0Cem8kAP580eV,SkMdZEV0rfLHkPPJytzQGvMF,,,Payment,Authentic by Zee,,ZS8GG073HN3FMVP8MP57FQQ1TW,,ea,1
3/7/2019,11:42:17,Eastern Time (US & Canada),None,Jerk Chicken,1,Regular,,,$6.50 ,$0.00 ,$6.50 ,$0.59 ,PRDZfHO04feZaohUNF3mi6ueV,LG3a9PjSSwoNDIPrppsPWxMF,,Juicy Grilled Leg Quarters steamed down in the perfect sweet and Spicy sauce!,Payment,Authentic by Zee,,Q5M3MW7ND54DMM6EDQ24R69PPR,,ea,1
3/2/2019,12:02:22,Eastern Time (US & Canada),Chicken,Curry chicken,1,Regular,,,$6.50 ,$0.00 ,$6.50 ,$0.59 ,1gJT8khkPkMm2wZaS20Fw15eV,4ZrrIPvRdfyJodXyDX7t3wMF,,,Payment,Authentic by Zee,,RJCX7J897D7SEPSVA0W9BNXMBW,,ea,1
3/2/2019,11:49:24,Eastern Time (US & Canada),None,Chicken Fajitas,1,Regular,,,$7.50 ,$0.00 ,$7.50 ,$0.67 ,BaPzTbtq3NKlolQU63xzZVweV,JKbG2wbLah8dOMu691nIAzMF,,"Chicken Breast grilled and cut up served on a flour tortilla, with seared bell peppers and onions with just the right amount of Cheesy goodness !",Payment,Authentic by Zee,,4H8BH8STMN070R93MKY08JGJYG,,ea,1
3/2/2019,11:44:07,Eastern Time (US & Canada),None,Chicken Fajitas,1,Regular,,,$7.50 ,$0.00 ,$7.50 ,$0.67 ,d0boqCFnnAZ3fgnGiblTRzjeV,nNfTzzixmSpQn34xefPrKQB,,"Chicken Breast grilled and cut up served on a flour tortilla, with seared bell peppers and onions with just the right amount of Cheesy goodness !",Payment,Authentic by Zee,,,,ea,1
3/2/2019,11:41:36,Eastern Time (US & Canada),Chicken,Curry chicken,1,Regular,,,$6.50 ,$0.00 ,$6.50 ,$0.59 ,n9tW31lqpL8UeW9ch9Q5owmeV,y9ViU8wZcCKmir2lxltaouMF,,,Payment,Authentic by Zee,,YD32NBYQ1D7VTJXGTCCANXJZTW,,ea,1
3/2/2019,11:40:45,Eastern Time (US & Canada),None,Jerk Chicken,1,Regular,,,$6.50 ,$0.00 ,$6.50 ,$0.59 ,z5aXnhqjAYM1rkADbxSFKtheV,ciLxdph3mpqdfur0hhJifxMF,,Juicy Grilled Leg Quarters steamed down in the perfect sweet and Spicy sauce!,Payment,Authentic by Zee,,3D9S2PT3H92CMVRVVG3CRRC1VR,,ea,1
2/28/2019,12:22:58,Eastern Time (US & Canada),Chicken,BBQ Chicken,1,Regular,,,$6.00 ,$0.00 ,$6.00 ,$0.54 ,JwGW1P2oQjPX7AW31KvQbeteV,DfZxW3xExPnbYmUYCl6LIuMF,,,Payment,Authentic by Zee,,RJCX7J897D7SEPSVA0W9BNXMBW,,ea,1
2/28/2019,12:08:00,Eastern Time (US & Canada),None,Chicken Fajitas,1,Regular,,,$7.50 ,$0.00 ,$7.50 ,$0.67 ,RqPB7piTCrUGOyuHeyxStefeV,Vo0L2PVVlyWGo2Dl9EbwBuMF,,"Chicken Breast grilled and cut up served on a flour tortilla, with seared bell peppers and onions with just the right amount of Cheesy goodness !",Payment,Authentic by Zee,,MKEQVXR87S6Q4XET43XF3KS2QR,,ea,1
2/28/2019,12:06:17,Eastern Time (US & Canada),None,Chicken Fajitas,1,Regular,,,$7.50 ,$0.00 ,$7.50 ,$0.67 ,pgw7rg09f0uzapH537VNYkheV,fU99r1Yse2sSAwqaquRL7vMF,,"Chicken Breast grilled and cut up served on a flour tortilla, with seared bell peppers and onions with just the right amount of Cheesy goodness !",Payment,Authentic by Zee,,TCX3M9GV8X4YPJ4MJS1B7A5AW0,,ea,1
2/28/2019,12:05:30,Eastern Time (US & Canada),Chicken,BBQ Chicken,1,Regular,,,$6.00 ,$0.00 ,$6.00 ,$0.54 ,XBPc3tWazJZDu2QhMa7OBYneV,jtc103GD3kRMUjd8YL81WuMF,,,Payment,Authentic by Zee,,TMRV0YK045202KTR4P0ZMD71P8,,ea,1
2/28/2019,12:04:21,Eastern Time (US & Canada),None,Chicken Fajitas,1,Regular,,,$7.50 ,$0.00 ,$7.50 ,$0.67 ,xow0A2F1hJKyD5t6kZQRHwmeV,KSP3JZvSXExiVAuni2SbNtMF,,"Chicken Breast grilled and cut up served on a flour tortilla, with seared bell peppers and onions with just the right amount of Cheesy goodness !",Payment,Authentic by Zee,,F5VPFKVA3S6SJR09V1EZM5Z2R8,,ea,1
2/28/2019,12:03:21,Eastern Time (US & Canada),Chicken,BBQ Chicken,1,Regular,,,$6.00 ,$0.00 ,$6.00 ,$0.54 ,Ja5dx9jZ806KjSzLcyJCsz1eV,xbABvNUCt2tdNeNkNR0GZtMF,,,Payment,Authentic by Zee,,J32RFP39E168GV18Z2C9XHHVQG,,ea,1
2/28/2019,12:01:53,Eastern Time (US & Canada),Beef,Short Ribs,1,Regular,,,$8.50 ,$0.00 ,$8.50 ,$0.77 ,5m9wSyTXoeU6UPX3Xaw9QGjeV,ncF9aYkpI9mTFQX0Gn051zMF,,,Payment,Authentic by Zee,,6XPHG4PPBS0HANEVK4SVGMZJAR,,ea,1
2/28/2019,12:01:07,Eastern Time (US & Canada),Beef,Short Ribs,1,Regular,,,$8.50 ,$0.00 ,$8.50 ,$0.77 ,Lr3GwpKNoMST9LPKOb5ExhteV,ZlAK5MBKk8cCVHqa8nwLutMF,,,Payment,Authentic by Zee,,359D7MA13X2VGSZGCNZXVY3Q2R,,ea,1
2/28/2019,11:56:44,Eastern Time (US & Canada),None,Chicken Fajitas,1,Regular,,,$7.50 ,$0.00 ,$7.50 ,$0.67 ,RihaeLCGPJMXK2ntLwUHL8teV,3RgjCNo22Oo8tFgvwxepRvMF,,"Chicken Breast grilled and cut up served on a flour tortilla, with seared bell peppers and onions with just the right amount of Cheesy goodness !",Payment,Authentic by Zee,,MHAMT0GBBX2DTSPHT9MYMSABM8,,ea,1
2/28/2019,11:54:43,Eastern Time (US & Canada),None,Chicken Fajitas,1,Regular,,,$7.50 ,$0.00 ,$7.50 ,$0.67 ,jnvGYPLbAZAv5X24G5yNR0AfV,VGiqyBrPdgQomUq7r1jcKQB,,"Chicken Breast grilled and cut up served on a flour tortilla, with seared bell peppers and onions with just the right amount of Cheesy goodness !",Payment,Authentic by Zee,,,,ea,1
2/28/2019,11:53:48,Eastern Time (US & Canada),None,Jerk Chicken,1,Regular,,,$6.50 ,$0.00 ,$6.50 ,$0.59 ,jv11N6t3E15j1alpXMqEEwkeV,XgXoncQpeaalq4LoVFPtKwMF,,Juicy Grilled Leg Quarters steamed down in the perfect sweet and Spicy sauce!,Payment,Authentic by Zee,,T6C5729Y8D6JPX491YXHXK3Z7M,,ea,1
2/28/2019,11:53:48,Eastern Time (US & Canada),None,Chicken Fajitas,1,Regular,,,$7.50 ,$0.00 ,$7.50 ,$0.67 ,jv11N6t3E15j1alpXMqEEwkeV,XgXoncQpeaalq4LoVFPtKwMF,,"Chicken Breast grilled and cut up served on a flour tortilla, with seared bell peppers and onions with just the right amount of Cheesy goodness !",Payment,Authentic by Zee,,T6C5729Y8D6JPX491YXHXK3Z7M,,ea,1
2/28/2019,11:52:57,Eastern Time (US & Canada),None,Jerk Chicken,1,Regular,,,$6.50 ,$0.00 ,$6.50 ,$0.59 ,xaREUFdBTAbv8Hz9hso2S8peV,tZve4SvqHMoDzcUusx1smsMF,,Juicy Grilled Leg Quarters steamed down in the perfect sweet and Spicy sauce!,Payment,Authentic by Zee,,CNBMMCK5KX0N6KY4NPRQ87T8XG,,ea,1
2/28/2019,11:51:54,Eastern Time (US & Canada),None,Jerk Chicken,1,Regular,,,$6.50 ,$0.00 ,$6.50 ,$0.59 ,9yGUHITWfVBNInapmWaWz79eV,Pxs3i3bFdaEeL8w9aAWqtwMF,,Juicy Grilled Leg Quarters steamed down in the perfect sweet and Spicy sauce!,Payment,Authentic by Zee,,ZS8GG073HN3FMVP8MP57FQQ1TW,,ea,1
2/28/2019,11:51:01,Eastern Time (US & Canada),None,Jerk Chicken,1,Regular,,,$6.50 ,$0.00 ,$6.50 ,$0.59 ,xGRlIIhBGc06QKvKD72nH43eV,iAIQ8J9hPW2iv3wt3u9MOxMF,,Juicy Grilled Leg Quarters steamed down in the perfect sweet and Spicy sauce!,Payment,Authentic by Zee,,Q5M3MW7ND54DMM6EDQ24R69PPR,,ea,1
2/28/2019,11:50:02,Eastern Time (US & Canada),Beef,Short Ribs,1,Regular,,,$8.50 ,$0.00 ,$8.50 ,$0.77 ,5uv1z9kiwv4H0e8F3qezMt6eV,ursdtOabfxDybj37D6hOnuMF,,,Payment,Authentic by Zee,,P99XYEVCNN44MMZFFGHWZ0VBSC,,ea,1
2/23/2019,12:07:14,Eastern Time (US & Canada),None,Chicken Fajitas,1,Regular,,,$7.50 ,$0.00 ,$7.50 ,$0.67 ,NSKUJQkBNlDgJtarF17wwB3eV,fZN002VVzF8BWH0q56qGLQB,,"Chicken Breast grilled and cut up served on a flour tortilla, with seared bell peppers and onions with just the right amount of Cheesy goodness !",Payment,Authentic by Zee,,,,ea,1
2/23/2019,12:01:19,Eastern Time (US & Canada),Chicken,BBQ Chicken,2,Regular,,,$12.00 ,$0.00 ,$12.00 ,$1.08 ,NsNZycbjbAlRtMI3hmUcEf6eV,zH7Ajo29eFLJrZ1arx2fKQB,,,Payment,Authentic by Zee,,,,ea,2
2/23/2019,11:59:32,Eastern Time (US & Canada),None,Jerk Chicken,1,Regular,,,$6.50 ,$0.00 ,$6.50 ,$0.59 ,tgxsRbEukLMWDKalbD9r4kueV,3bATfgtaRiopuxR7XnTzQsMF,,Juicy Grilled Leg Quarters steamed down in the perfect sweet and Spicy sauce!,Payment,Authentic by Zee,,TMRV0YK045202KTR4P0ZMD71P8,,ea,1
2/23/2019,11:57:04,Eastern Time (US & Canada),None,Jerk Chicken,1,Regular,,,$6.50 ,$0.00 ,$6.50 ,$0.59 ,FC4y5tVOE5vAV1xNiWVQsJreV,7nVcS6OPeksh1ADayVXEKQB,,Juicy Grilled Leg Quarters steamed down in the perfect sweet and Spicy sauce!,Payment,Authentic by Zee,,,,ea,1
2/23/2019,11:55:35,Eastern Time (US & Canada),None,Chicken Fajitas,1,Regular,,,$7.50 ,$0.00 ,$7.50 ,$0.67 ,pIILoTCxbdPpUA89biFSZhweV,fClvpQNvQmIzLF1RQjmLRzMF,,"Chicken Breast grilled and cut up served on a flour tortilla, with seared bell peppers and onions with just the right amount of Cheesy goodness !",Payment,Authentic by Zee,,DK1MQE8T5S3HAJ8YBCGRJ7CSJG,,ea,1
2/23/2019,11:54:47,Eastern Time (US & Canada),None,Oxtail,1,Regular,,,$14.00 ,$0.00 ,$14.00 ,$1.26 ,5edWihJBidVbY5oDo1E5Ga7eV,KNLCTD5K46GkDa9mtDIjNyMF,,,Payment,Authentic by Zee,,3D9S2PT3H92CMVRVVG3CRRC1VR,,ea,1
2/23/2019,11:54:10,Eastern Time (US & Canada),Chicken,BBQ Chicken,1,Regular,,,$6.00 ,$0.00 ,$6.00 ,$0.54 ,la4i2xEB6YpUXwlSPSSBQs6eV,BtaeO3riwhAoIyhdKTzjLzMF,,,Payment,Authentic by Zee,,6XPHG4PPBS0HANEVK4SVGMZJAR,,ea,1
2/23/2019,11:51:20,Eastern Time (US & Canada),Chicken,Curry chicken,1,Regular,,,$6.50 ,$0.00 ,$6.50 ,$0.59 ,tUXA8HphNGPkSA8mECMUKn2eV,dc79uAeEiSsGZZ1Dhxhu8yMF,,,Payment,Authentic by Zee,,4894HXR5CN5Q6KSYDSJBF9TCYG,,ea,1
2/23/2019,11:49:55,Eastern Time (US & Canada),Chicken,Curry chicken,1,Regular,,,$6.50 ,$0.00 ,$6.50 ,$0.59 ,NEfWJlVo9dTtzAry9TKNZO2eV,gUsmOukf5Wl063ThyKSxNyMF,,,Payment,Authentic by Zee,,QQ7D7V08N56JRV35FBMZNCS8C4,,ea,1
2/23/2019,11:48:34,Eastern Time (US & Canada),None,Oxtail,1,Regular,,,$14.00 ,$0.00 ,$14.00 ,$1.26 ,ZoojhVdqSpzaS4fqGZwjDTxeV,y1rPdMZ3E7Q5MctIQD9amtMF,,,Payment,Authentic by Zee,,WKA1SNBAP95HCSKP40BE09XXYR,,ea,1
2/23/2019,11:48:34,Eastern Time (US & Canada),Beef,Short Ribs,2,Regular,,,$17.00 ,$0.00 ,$17.00 ,$1.53 ,ZoojhVdqSpzaS4fqGZwjDTxeV,y1rPdMZ3E7Q5MctIQD9amtMF,,,Payment,Authentic by Zee,,WKA1SNBAP95HCSKP40BE09XXYR,,ea,2
2/23/2019,11:48:34,Eastern Time (US & Canada),None,Chicken Fajitas,2,Regular,,,$15.00 ,$0.00 ,$15.00 ,$1.35 ,ZoojhVdqSpzaS4fqGZwjDTxeV,y1rPdMZ3E7Q5MctIQD9amtMF,,"Chicken Breast grilled and cut up served on a flour tortilla, with seared bell peppers and onions with just the right amount of Cheesy goodness !",Payment,Authentic by Zee,,WKA1SNBAP95HCSKP40BE09XXYR,,ea,2
2/21/2019,12:02:10,Eastern Time (US & Canada),Chicken,BBQ Chicken,1,Regular,,,$6.00 ,$0.00 ,$6.00 ,$0.54 ,LpO2gyhBkwmkOkAJaUt7tQ3eV,UzsRjRq8SDgkDNQQSgOsDxMF,,,Payment,Authentic by Zee,,VRBA3Z8W7S1BPM4VCGFW6RQCV8,,ea,1
2/21/2019,12:00:16,Eastern Time (US & Canada),Chicken,Curry chicken,1,Regular,,,$6.50 ,$0.00 ,$6.50 ,$0.59 ,pcQyAR4n8Kn9woENNBFkAM5eV,pObfG30lnMC3z9DYoPcKLQB,,,Payment,Authentic by Zee,,,,ea,1
2/21/2019,11:59:31,Eastern Time (US & Canada),None,Chicken Fajitas,1,Regular,,,$7.50 ,$0.00 ,$7.50 ,$0.67 ,FigS3lKdPIWud2ZNXo7wD5yeV,BJMjAUCYePmwWVIK7MPhRyMF,,"Chicken Breast grilled and cut up served on a flour tortilla, with seared bell peppers and onions with just the right amount of Cheesy goodness !",Payment,Authentic by Zee,,VSW1XKEV415DYJQ3JETS8WDP5G,,ea,1
2/21/2019,11:57:55,Eastern Time (US & Canada),None,Jerk Chicken,1,Regular,,,$6.50 ,$0.00 ,$6.50 ,$0.59 ,le60fPvh8UcDC1pzhd5dNsheV,jRIqJNQ4W5DxG52F2JBdKQB,,Juicy Grilled Leg Quarters steamed down in the perfect sweet and Spicy sauce!,Payment,Authentic by Zee,,,,ea,1
2/21/2019,11:56:42,Eastern Time (US & Canada),Dessert,'Nana Pudding,1,Regular,,,$3.00 ,$0.00 ,$3.00 ,$0.27 ,1G8fe2r1mAWWOAh81lxrUJjeV,Dhi9act0Z4EmsyilFrmaLQB,,,Payment,Authentic by Zee,,,,ea,1
2/21/2019,11:55:35,Eastern Time (US & Canada),Chicken,BBQ Chicken,1,Regular,,,$6.00 ,$0.00 ,$6.00 ,$0.54 ,XDanqrXmpoRE8PGrUC5cXD2eV,B1kPu0ODifmrXPJZ7Kjb0yMF,,,Payment,Authentic by Zee,,TMRV0YK045202KTR4P0ZMD71P8,,ea,1
2/21/2019,11:55:35,Eastern Time (US & Canada),Dessert,'Nana Pudding,1,Regular,,,$3.00 ,$0.00 ,$3.00 ,$0.27 ,XDanqrXmpoRE8PGrUC5cXD2eV,B1kPu0ODifmrXPJZ7Kjb0yMF,,,Payment,Authentic by Zee,,TMRV0YK045202KTR4P0ZMD71P8,,ea,1
2/21/2019,11:55:35,Eastern Time (US & Canada),None,Custom Amount,1,,,,$2.00 ,$0.00 ,$2.00 ,$0.04 ,XDanqrXmpoRE8PGrUC5cXD2eV,B1kPu0ODifmrXPJZ7Kjb0yMF,,,Payment,Authentic by Zee,,TMRV0YK045202KTR4P0ZMD71P8,,ea,1
2/21/2019,11:54:45,Eastern Time (US & Canada),Chicken,Curry chicken,1,Regular,,,$6.50 ,$0.00 ,$6.50 ,$0.59 ,vBDD0fd6ObYUBrRHdgCOJ6weV,7yOQfOQG7pi7FqCjjtKk0zMF,,,Payment,Authentic by Zee,,TCX3M9GV8X4YPJ4MJS1B7A5AW0,,ea,1
2/21/2019,11:53:41,Eastern Time (US & Canada),None,Chicken Fajitas,1,Regular,,,$7.50 ,$0.00 ,$7.50 ,$0.67 ,RuDaN0xCfbQlG6A4fGwpl6meV,IpBa93NGDT9ElsbrJ3NPtxMF,,"Chicken Breast grilled and cut up served on a flour tortilla, with seared bell peppers and onions with just the right amount of Cheesy goodness !",Payment,Authentic by Zee,,RJCX7J897D7SEPSVA0W9BNXMBW,,ea,1
2/21/2019,11:52:47,Eastern Time (US & Canada),None,Jerk Chicken,1,Regular,,,$6.50 ,$0.00 ,$6.50 ,$0.58 ,LP9KLutzEFeaiqVIdNG2RkleV,bbzALnncuR4vtlgtFjaLLQB,,Juicy Grilled Leg Quarters steamed down in the perfect sweet and Spicy sauce!,Payment,Authentic by Zee,,,,ea,1
2/21/2019,11:52:47,Eastern Time (US & Canada),Dessert,'Nana Pudding,1,Regular,,,$3.00 ,$0.00 ,$3.00 ,$0.27 ,LP9KLutzEFeaiqVIdNG2RkleV,bbzALnncuR4vtlgtFjaLLQB,,,Payment,Authentic by Zee,,,,ea,1
2/21/2019,11:52:03,Eastern Time (US & Canada),None,Jerk Chicken,1,Regular,,,$6.50 ,$0.00 ,$6.50 ,$0.59 ,1OkJqAWS6u3kGqoAvSW72tqeV,GebFcbFi28NcaLUsOaB3LzMF,,Juicy Grilled Leg Quarters steamed down in the perfect sweet and Spicy sauce!,Payment,Authentic by Zee,,6XPHG4PPBS0HANEVK4SVGMZJAR,,ea,1
2/21/2019,11:48:37,Eastern Time (US & Canada),Sides,Baked Mac,1,Regular,3,,$3.00 ,$0.00 ,$3.00 ,$0.27 ,j1kvb4FeU1mJBIg0X4kREhneV,dCaYoKQVJxHooYFLq8DgKQB,,,Payment,Authentic by Zee,,,,ea,1
2/21/2019,11:48:37,Eastern Time (US & Canada),Dessert,'Nana Pudding,1,Regular,,,$3.00 ,$0.00 ,$3.00 ,$0.27 ,j1kvb4FeU1mJBIg0X4kREhneV,dCaYoKQVJxHooYFLq8DgKQB,,,Payment,Authentic by Zee,,,,ea,1
2/21/2019,11:47:29,Eastern Time (US & Canada),None,Custom Amount,1,,,,$6.00 ,$0.00 ,$6.00 ,$0.12 ,LtuFU0fkTK0JwKW2qhJu7WyeV,HNqa3GP2yqmC7lDhzChWozMF,,,Payment,Authentic by Zee,,0YHP831WSN50MRF7GHZCGW6WAW,,ea,1
2/21/2019,11:47:29,Eastern Time (US & Canada),None,Chicken Fajitas,1,Regular,,,$7.50 ,$0.00 ,$7.50 ,$0.67 ,LtuFU0fkTK0JwKW2qhJu7WyeV,HNqa3GP2yqmC7lDhzChWozMF,,"Chicken Breast grilled and cut up served on a flour tortilla, with seared bell peppers and onions with just the right amount of Cheesy goodness !",Payment,Authentic by Zee,,0YHP831WSN50MRF7GHZCGW6WAW,,ea,1
2/21/2019,11:46:23,Eastern Time (US & Canada),None,Custom Amount,1,,,,$7.00 ,$0.00 ,$7.00 ,$0.14 ,jJGRC8uWMyv3fpFvy7tUKO5eV,IrH9gdVIoiwlOU5RbNGcnvMF,,,Payment,Authentic by Zee,,F5VPFKVA3S6SJR09V1EZM5Z2R8,,ea,1
2/21/2019,11:44:08,Eastern Time (US & Canada),None,Chicken Fajitas,1,Regular,,,$7.50 ,$0.00 ,$7.50 ,$0.67 ,DnlTJQC5wgFxhy6vhr2bnqeeV,jLvDdoHyv1UbCqyxFeGIFwMF,,"Chicken Breast grilled and cut up served on a flour tortilla, with seared bell peppers and onions with just the right amount of Cheesy goodness !",Payment,Authentic by Zee,,C3Z2RK0CK9020HR43N5X1FQTBG,,ea,1
2/16/2019,12:01:10,Eastern Time (US & Canada),None,Chicken Fajitas,1,Regular,,,$7.50 ,$0.00 ,$7.50 ,$0.67 ,rJMD7LjZ8HfhaKpEVakOl0heV,BOfE2hQSFy7ZMjVFydmPLQB,cameron parks,"Seared Chicken Breast, laid on a wrap with sauteed onions, green & red bell peppers, and cheese, then grilled to perfection on the foreman.",Payment,Authentic by Zee,,,,ea,1
2/16/2019,12:00:22,Eastern Time (US & Canada),None,Jerk Chicken,1,Regular,,,$6.50 ,$0.00 ,$6.50 ,$0.59 ,7BqGF898fJjASoCmAnXzOUpeV,ls5GkYhqjni4NwLn0N3CLQB,cameron parks,Juicy Grilled Leg Quarters steamed down in the perfect sweet and Spicy sauce!,Payment,Authentic by Zee,,,,ea,1
2/16/2019,12:00:22,Eastern Time (US & Canada),None,Custom Amount,1,,,,$0.50 ,$0.00 ,$0.50 ,$0.01 ,7BqGF898fJjASoCmAnXzOUpeV,ls5GkYhqjni4NwLn0N3CLQB,cameron parks,,Payment,Authentic by Zee,,,,ea,1
2/16/2019,11:56:04,Eastern Time (US & Canada),Chicken,BBQ Chicken,1,Regular,,,$6.00 ,$0.00 ,$6.00 ,$0.54 ,3HkvAoeBMsJU3r3tj2eOmdleV,DDaQhX9A5lEW3LGpWH19nsMF,cameron parks,,Payment,Authentic by Zee,,RJCX7J897D7SEPSVA0W9BNXMBW,,ea,1
2/16/2019,11:56:04,Eastern Time (US & Canada),None,Custom Amount,1,,,,$4.80 ,$0.00 ,$4.80 ,$0.10 ,3HkvAoeBMsJU3r3tj2eOmdleV,DDaQhX9A5lEW3LGpWH19nsMF,cameron parks,,Payment,Authentic by Zee,,RJCX7J897D7SEPSVA0W9BNXMBW,,ea,1
2/16/2019,11:47:58,Eastern Time (US & Canada),Chicken,Curry chicken,1,Regular,,,$6.50 ,$0.00 ,$6.50 ,$0.59 ,vzia4eGLCLhZwSQXCn8EE5yeV,zE91aPFSclMssurw9qJ8ovMF,cameron parks,,Payment,Authentic by Zee,,359D7MA13X2VGSZGCNZXVY3Q2R,,ea,1
2/16/2019,11:46:07,Eastern Time (US & Canada),None,Jerk Chicken,1,Regular,,,$6.50 ,$0.00 ,$6.50 ,$0.59 ,zHhz7uv5wzh06YBVLKhd53feV,MvsR4Kk59To9N0tfobeAKvMF,cameron parks,Juicy Grilled Leg Quarters steamed down in the perfect sweet and Spicy sauce!,Payment,Authentic by Zee,,9FY2KQCGFX3E7A6SR5D0YPWCSM,,ea,1
2/16/2019,11:45:03,Eastern Time (US & Canada),None,Chicken Fajitas,1,Regular,,,$7.50 ,$0.00 ,$7.50 ,$0.67 ,z7bXJWQWBUp7jvRL64IR6r0eV,9O6p7V2pU7EkfNSlQuK88yMF,cameron parks,"Chicken Breast grilled and cut up served on a flour tortilla, with seared bell peppers and onions with just the right amount of Cheesy goodness !",Payment,Authentic by Zee,,0YHP831WSN50MRF7GHZCGW6WAW,,ea,1
2/16/2019,11:42:27,Eastern Time (US & Canada),None,Chicken Fajitas,1,Regular,,,$7.50 ,$0.00 ,$7.50 ,$0.67 ,b1weMyJ7qmeSunxVnbVgwi4eV,WpGN8W4nageVsknrK938nsMF,cameron parks,"Chicken Breast grilled and cut up served on a flour tortilla, with seared bell peppers and onions with just the right amount of Cheesy goodness !",Payment,Authentic by Zee,,GPSJK640V96RRM7MYJ1YK39YGW,,ea,1
2/16/2019,11:41:53,Eastern Time (US & Canada),Beef,Short Ribs,1,Regular,,,$8.50 ,$0.00 ,$8.50 ,$0.77 ,pQUv4Hus6RTudUOY9zDwb6neV,jLZeaJxooATKC8gW21kwJQB,,,Payment,Authentic by Zee,,,,ea,1
2/16/2019,11:41:46,Eastern Time (US & Canada),None,Chicken Fajitas,2,Regular,,,$15.00 ,$0.00 ,$15.00 ,$1.35 ,NA3dmXMREjUYger6QyGQHxyeV,YqZBJ4QIakKhv5vVmu84DwMF,cameron parks,"Chicken Breast grilled and cut up served on a flour tortilla, with seared bell peppers and onions with just the right amount of Cheesy goodness !",Payment,Authentic by Zee,,P99XYEVCNN44MMZFFGHWZ0VBSC,,ea,2
2/16/2019,11:41:23,Eastern Time (US & Canada),None,Jerk Chicken,1,Regular,,,$6.50 ,$0.00 ,$6.50 ,$0.59 ,985n5ads2JpgEgoXbmYk1p2eV,vSt9WcdYimLQdd48axzlVwMF,cameron parks,Juicy Grilled Leg Quarters steamed down in the perfect sweet and Spicy sauce!,Payment,Authentic by Zee,,1ZF13XEPN50ZTW3CC45HAF9RW0,,ea,1
2/16/2019,11:41:05,Eastern Time (US & Canada),Chicken,BBQ Chicken,1,Regular,,,$6.00 ,$0.00 ,$6.00 ,$0.54 ,rP3JaqPfl9yIR5alp7otvv3eV,ZAWyCs2aqE4nwCvlCZMFKQB,,,Payment,Authentic by Zee,,,,ea,1
2/16/2019,11:40:37,Eastern Time (US & Canada),Beef,Short Ribs,3,Regular,,,$25.50 ,$0.00 ,$25.50 ,$2.29 ,jfNfgv0qta7zTIlnuSQWTVxeV,kmUmUlG3LUuKDYHjWJeXmsMF,cameron parks,,Payment,Authentic by Zee,,WKA1SNBAP95HCSKP40BE09XXYR,,ea,3
2/14/2019,12:26:15,Eastern Time (US & Canada),Beef,Short Ribs,1,Regular,,,$8.50 ,$0.00 ,$8.50 ,$0.00 ,NiwnJxhtnObpf8HLfwAyNV1eV,nf68AvBEbqBV0giCjopEmyMF,cameron parks,,Payment,Authentic by Zee,,3D9S2PT3H92CMVRVVG3CRRC1VR,,ea,1
2/14/2019,11:52:40,Eastern Time (US & Canada),None,Chicken Fajitas,1,Regular,,,$7.50 ,$0.00 ,$7.50 ,$0.00 ,TJ6LZ72xhrxpOVrnLFK2XImeV,znRNmGzP6Q04NDIEVKAAKyMF,cameron parks,"Chicken Breast grilled and cut up served on a flour tortilla, with seared bell peppers and onions with just the right amount of Cheesy goodness !",Payment,Authentic by Zee,,P99XYEVCNN44MMZFFGHWZ0VBSC,,ea,1
2/14/2019,11:48:29,Eastern Time (US & Canada),Beef,Short Ribs,1,Regular,,,$8.50 ,$0.00 ,$8.50 ,$0.00 ,hAytODUY0DPGNJH6Z1oqkg5eV,rmY7qqrGszhShNF7L6CaixMF,cameron parks,,Payment,Authentic by Zee,,QB7DD92P89062GZ0BR9MHDTK54,,ea,1
2/14/2019,11:47:33,Eastern Time (US & Canada),Beef,Short Ribs,1,Regular,,,$8.50 ,$0.00 ,$8.50 ,$0.00 ,JUEcvSFepsrW5W7TEE3NdW2eV,oAnjbocOaEMabdmmR7qccyMF,cameron parks,,Payment,Authentic by Zee,,TMRV0YK045202KTR4P0ZMD71P8,,ea,1
2/14/2019,11:45:37,Eastern Time (US & Canada),None,Chicken Fajitas,1,Regular,,,$7.50 ,$0.00 ,$7.50 ,$0.00 ,HbKddlWPkly7KXNfZCtqKoheV,4jNIltyTvfkVhP5nbQSigtMF,cameron parks,"Chicken Breast grilled and cut up served on a flour tortilla, with seared bell peppers and onions with just the right amount of Cheesy goodness !",Payment,Authentic by Zee,,VSW1XKEV415DYJQ3JETS8WDP5G,,ea,1
2/14/2019,11:45:01,Eastern Time (US & Canada),None,Jerk Chicken,1,Regular,,,$6.50 ,$0.00 ,$6.50 ,$0.00 ,nVfFzGUIB5XG49U7wfJM4bueV,NcVzd9Zk8W1GhJyFwavetsMF,cameron parks,Juicy Grilled Leg Quarters steamed down in the perfect sweet and Spicy sauce!,Payment,Authentic by Zee,,Y99628EADN57ENFQ8MDTNAXSHR,,ea,1
2/14/2019,11:43:21,Eastern Time (US & Canada),None,Custom Amount,1,,,,$6.00 ,$0.00 ,$6.00 ,$0.00 ,5WDfABgdOZl59RlSf632hlieV,McIRsaMVjMpB1b7KtaXwvtMF,cameron parks,,Payment,Authentic by Zee,,0YHP831WSN50MRF7GHZCGW6WAW,,ea,1
2/14/2019,11:42:14,Eastern Time (US & Canada),None,Custom Amount,1,,,,$6.50 ,$0.00 ,$6.50 ,$0.00 ,rfPxUbthJiswenExc1Fasa5eV,497OkP05F44zOPh36a4YDyMF,cameron parks,,Payment,Authentic by Zee,,6XPHG4PPBS0HANEVK4SVGMZJAR,,ea,1
2/14/2019,11:41:47,Eastern Time (US & Canada),None,Custom Amount,1,,,,$7.50 ,$0.00 ,$7.50 ,$0.00 ,peVUgFu8t1ShLXewvpBS2umeV,kgf08yZrcF9RFV1tJpq2juMF,cameron parks,,Payment,Authentic by Zee,,P99XYEVCNN44MMZFFGHWZ0VBSC,,ea,1
2/14/2019,11:41:04,Eastern Time (US & Canada),None,Custom Amount,1,,,,$7.50 ,$0.00 ,$7.50 ,$0.00 ,9qOMOjbtRnIvg8yCIVRPd8ueV,zVrbXODlt5LrgmAKrteR1yMF,cameron parks,,Payment,Authentic by Zee,,C3Z2RK0CK9020HR43N5X1FQTBG,,ea,1
2/9/2019,12:05:39,Eastern Time (US & Canada),None,Custom Amount,1,,,,$6.50 ,$0.00 ,$6.50 ,$0.00 ,zrvT6VlA9sl9EfDegLwiLEheV,X9HHMgi0STPbfZu1JpH1bzMF,cameron parks,,Payment,Authentic by Zee,,VSW1XKEV415DYJQ3JETS8WDP5G,,ea,1
2/9/2019,11:56:56,Eastern Time (US & Canada),None,Custom Amount,1,,,,$10.00 ,$0.00 ,$10.00 ,$0.00 ,b1MGlAlPT5laJ6AwSR1SYkkeV,eDO8u3o8fwmXb1I6F5DVVtMF,cameron parks,,Payment,Authentic by Zee,,3D9S2PT3H92CMVRVVG3CRRC1VR,,ea,1
2/9/2019,11:53:37,Eastern Time (US & Canada),Chicken,Curry chicken,1,Regular,,,$6.50 ,$0.00 ,$6.50 ,$0.00 ,fZpmMlTvKBCZX4sfqM26uUmeV,IvufphHYUzabp41qdAvXksMF,cameron parks,,Payment,Authentic by Zee,,TCX3M9GV8X4YPJ4MJS1B7A5AW0,,ea,1
2/9/2019,11:53:37,Eastern Time (US & Canada),Beef,Short Ribs,1,Regular,,,$8.50 ,$0.00 ,$8.50 ,$0.00 ,fZpmMlTvKBCZX4sfqM26uUmeV,IvufphHYUzabp41qdAvXksMF,cameron parks,,Payment,Authentic by Zee,,TCX3M9GV8X4YPJ4MJS1B7A5AW0,,ea,1
2/9/2019,11:52:41,Eastern Time (US & Canada),None,Chicken Fajitas,1,Regular,,,$7.50 ,$0.00 ,$7.50 ,$0.00 ,nLKhPbmAcpT3A6uOCi3MJ6yeV,IZeNFprI7gEQym1ebfcHauMF,cameron parks,"Chicken Breast grilled and cut up served on a flour tortilla, with seared bell peppers and onions with just the right amount of Cheesy goodness !",Payment,Authentic by Zee,,F5VPFKVA3S6SJR09V1EZM5Z2R8,,ea,1
2/9/2019,11:50:17,Eastern Time (US & Canada),None,Jerk Chicken,1,Regular,,,$6.50 ,$0.00 ,$6.50 ,$0.00 ,FOUfoSKjf4i9CFr5x5hBkQxeV,5YYj34Ziep4Fars7QrQeKQB,cameron parks,Juicy Grilled Leg Quarters steamed down in the perfect sweet and Spicy sauce!,Payment,Authentic by Zee,,,,ea,1
2/9/2019,11:49:38,Eastern Time (US & Canada),Chicken,Curry chicken,1,Regular,,,$6.50 ,$0.00 ,$6.50 ,$0.00 ,DfJlkGsaeB9IE5Pw2CIg92meV,Tr5wG0BUjEKm2GcfT6uoKQB,cameron parks,,Payment,Authentic by Zee,,,,ea,1
2/9/2019,11:49:38,Eastern Time (US & Canada),Beef,Short Ribs,1,Regular,,,$8.50 ,$0.00 ,$8.50 ,$0.00 ,DfJlkGsaeB9IE5Pw2CIg92meV,Tr5wG0BUjEKm2GcfT6uoKQB,cameron parks,,Payment,Authentic by Zee,,,,ea,1
2/9/2019,11:48:04,Eastern Time (US & Canada),None,Custom Amount,1,,,,$16.00 ,$0.00 ,$16.00 ,$0.00 ,94FcOJzTznN5cAC0xtuqFejeV,HIKOOrzlXjJiBqnUxa1SIvMF,cameron parks,,Payment,Authentic by Zee,,WKA1SNBAP95HCSKP40BE09XXYR,,ea,1
2/9/2019,11:48:04,Eastern Time (US & Canada),Chicken,Curry chicken,1,Regular,,,$6.50 ,$0.00 ,$6.50 ,$0.00 ,94FcOJzTznN5cAC0xtuqFejeV,HIKOOrzlXjJiBqnUxa1SIvMF,cameron parks,,Payment,Authentic by Zee,,WKA1SNBAP95HCSKP40BE09XXYR,,ea,1
2/9/2019,11:44:45,Eastern Time (US & Canada),None,Custom Amount,1,,,,$12.50 ,$0.00 ,$12.50 ,$0.00 ,12gTflM5I5Ka9Yi60BuDQG2eV,xZ0YsqYL6JCHVLq6wsJg5wMF,cameron parks,,Payment,Authentic by Zee,,0YHP831WSN50MRF7GHZCGW6WAW,,ea,1
2/9/2019,11:43:36,Eastern Time (US & Canada),None,Custom Amount,1,,,,$7.50 ,$0.00 ,$7.50 ,$0.00 ,TVOGluzJi28MCvgpvapjwz2eV,Ck7pDhOLey2TAEkBPI1ElyMF,cameron parks,,Payment,Authentic by Zee,,6Q9WS3VDY9114HQDV5BCZYQWV8,,ea,1
2/9/2019,11:43:01,Eastern Time (US & Canada),None,Custom Amount,1,,,,$7.50 ,$0.00 ,$7.50 ,$0.00 ,xkmqRUTNNv6z6WtyejhD4freV,XQxBRQVOIi8fvpZkKldy2vMF,cameron parks,,Payment,Authentic by Zee,,,,ea,1
2/9/2019,11:42:08,Eastern Time (US & Canada),None,Custom Amount,1,,,,$7.50 ,$0.00 ,$7.50 ,$0.00 ,THRnjq3fE2zIcvDHLyHRklneV,522J0kKK33sMQoxHCTWzjzMF,cameron parks,,Payment,Authentic by Zee,,C3Z2RK0CK9020HR43N5X1FQTBG,,ea,1
2/9/2019,11:41:33,Eastern Time (US & Canada),None,Custom Amount,1,,,,$7.50 ,$0.00 ,$7.50 ,$0.00 ,VEp8TQkIRKUquxN1uAqV3nfeV,E5AhvphXiAkkgK7eRjIDqwMF,cameron parks,,Payment,Authentic by Zee,,P99XYEVCNN44MMZFFGHWZ0VBSC,,ea,1
2/9/2019,11:40:19,Eastern Time (US & Canada),None,Jerk Chicken,1,Regular,,,$6.50 ,$0.00 ,$6.50 ,$0.00 ,ztmAvnVu8ddFYSNUA3rnEWheV,oHxZVLzhQeaSt5QQWXsOZyMF,cameron parks,Juicy Grilled Leg Quarters steamed down in the perfect sweet and Spicy sauce!,Payment,Authentic by Zee,,5195287C951Y4N9646R929QBB4,,ea,1
2/9/2019,11:40:19,Eastern Time (US & Canada),Chicken,Curry chicken,1,Regular,,,$6.50 ,$0.00 ,$6.50 ,$0.00 ,ztmAvnVu8ddFYSNUA3rnEWheV,oHxZVLzhQeaSt5QQWXsOZyMF,cameron parks,,Payment,Authentic by Zee,,5195287C951Y4N9646R929QBB4,,ea,1
2/7/2019,12:04:09,Eastern Time (US & Canada),Beef,Short Ribs,1,Regular,,,$8.50 ,$0.00 ,$8.50 ,$0.00 ,Trb3zpLSNQokNIriBfWgyk8eV,xhMQh8bSEKDiJJkl1l7rBtMF,,,Payment,Authentic by Zee,,1EF0JSFCX14XVAQ17TARTADCW4,,ea,1
2/7/2019,12:02:44,Eastern Time (US & Canada),None,Chicken Fajitas,1,Regular,,,$7.50 ,$0.00 ,$7.50 ,$0.00 ,BcoVgCm8tIV8cs3cfNAOVJ1eV,dKKWrxYnngdf4aAZAALjBtMF,,"Chicken Breast grilled and cut up served on a flour tortilla, with seared bell peppers and onions with just the right amount of Cheesy goodness !",Payment,Authentic by Zee,,VSW1XKEV415DYJQ3JETS8WDP5G,,ea,1
2/7/2019,11:55:22,Eastern Time (US & Canada),Beef,Short Ribs,1,Regular,,,$8.50 ,$0.00 ,$8.50 ,$0.00 ,n3iKlMiC8ZQIm5ro6rxwGiheV,osUwr93kK7JTkGDUOUNo8sMF,,,Payment,Authentic by Zee,,3D9S2PT3H92CMVRVVG3CRRC1VR,,ea,1
2/7/2019,11:47:32,Eastern Time (US & Canada),None,Custom Amount,1,,,,$6.50 ,$0.00 ,$6.50 ,$0.00 ,7LjwdAzpPgZAEyvWB9BZObqeV,evbDCCjc061PvVkg9MZ3exMF,,,Payment,Authentic by Zee,,J32RFP39E168GV18Z2C9XHHVQG,,ea,1
2/7/2019,11:46:08,Eastern Time (US & Canada),Chicken,BBQ Chicken,1,Regular,,,$6.00 ,$0.00 ,$6.00 ,$0.00 ,XR15oUP22Wygazwl4ZZzpr5eV,rB9rlyEmKsw7AfQp9aGbVsMF,,,Payment,Authentic by Zee,,6XPHG4PPBS0HANEVK4SVGMZJAR,,ea,1
2/7/2019,11:46:08,Eastern Time (US & Canada),None,Custom Amount,1,,,,$0.50 ,$0.00 ,$0.50 ,$0.00 ,XR15oUP22Wygazwl4ZZzpr5eV,rB9rlyEmKsw7AfQp9aGbVsMF,,,Payment,Authentic by Zee,,6XPHG4PPBS0HANEVK4SVGMZJAR,,ea,1
2/7/2019,11:45:44,Eastern Time (US & Canada),None,Custom Amount,1,,,,$7.50 ,$0.00 ,$7.50 ,$0.00 ,xYe53dGyKYdCUcL0FxmviCpeV,Y4ij7oEhzXWe9GrVzCAaowMF,,,Payment,Authentic by Zee,,RJCX7J897D7SEPSVA0W9BNXMBW,,ea,1
2/7/2019,11:44:24,Eastern Time (US & Canada),Chicken,Curry chicken,1,Regular,,,$6.50 ,$0.00 ,$6.50 ,$0.00 ,DN6mgr6KL2S4ENdlMDDMovfeV,DLUQQUMt7ug475JLvlsiEwMF,,,Payment,Authentic by Zee,,TMRV0YK045202KTR4P0ZMD71P8,,ea,1
2/7/2019,11:44:24,Eastern Time (US & Canada),Beef,Short Ribs,1,Regular,,,$8.50 ,$0.00 ,$8.50 ,$0.00 ,DN6mgr6KL2S4ENdlMDDMovfeV,DLUQQUMt7ug475JLvlsiEwMF,,,Payment,Authentic by Zee,,TMRV0YK045202KTR4P0ZMD71P8,,ea,1
2/7/2019,11:40:28,Eastern Time (US & Canada),None,Custom Amount,1,,,,$6.00 ,$0.00 ,$6.00 ,$0.00 ,xIAMkkO6eykEQpcWi05odh4eV,fJfjquIL3yKeqp0Rxmp7lvMF,,,Payment,Authentic by Zee,,0YHP831WSN50MRF7GHZCGW6WAW,,ea,1
2/7/2019,11:39:59,Eastern Time (US & Canada),None,Custom Amount,1,,,,$7.50 ,$0.00 ,$7.50 ,$0.00 ,N03cqQlLM5raCwvs3GoqpwpeV,lzNInDP2Gaws4vLqoIOIetMF,,,Payment,Authentic by Zee,,DK1MQE8T5S3HAJ8YBCGRJ7CSJG,,ea,1
2/7/2019,11:39:36,Eastern Time (US & Canada),None,Custom Amount,1,,,,$6.50 ,$0.00 ,$6.50 ,$0.00 ,XPGQxdHJqYFmIqK1kEghObpeV,p5q3PjIQ6Qb0PT2zjmZwPyMF,,,Payment,Authentic by Zee,,P99XYEVCNN44MMZFFGHWZ0VBSC,,ea,1
2/7/2019,11:39:05,Eastern Time (US & Canada),None,Custom Amount,1,,,,$7.50 ,$0.00 ,$7.50 ,$0.00 ,PjiQHkILnFK7IwxPxaer59reV,L2lDRHsVq6zoKoXBr3fmItMF,,,Payment,Authentic by Zee,,C3Z2RK0CK9020HR43N5X1FQTBG,,ea,1
2/2/2019,11:48:38,Eastern Time (US & Canada),Chicken,BBQ Chicken,1,Regular,,,$6.00 ,$0.00 ,$6.00 ,$0.00 ,BYEMIIy1pIrDzth6iKUT72veV,xOZbYjKxI7o1LjWUBUSQquMF,,,Payment,Authentic by Zee,,TMRV0YK045202KTR4P0ZMD71P8,,ea,1
2/2/2019,11:48:00,Eastern Time (US & Canada),Beef,Short Ribs,3,Regular,,,$25.50 ,$0.00 ,$25.50 ,$0.00 ,h6nDz7GUEk0SFvNlfKg0zG1eV,nFs6ADeYn6Jv2xKAkxJpHwMF,,,Payment,Authentic by Zee,,WKA1SNBAP95HCSKP40BE09XXYR,,ea,3
2/2/2019,11:48:00,Eastern Time (US & Canada),Chicken,Curry chicken,1,Regular,,,$6.50 ,$0.00 ,$6.50 ,$0.00 ,h6nDz7GUEk0SFvNlfKg0zG1eV,nFs6ADeYn6Jv2xKAkxJpHwMF,,,Payment,Authentic by Zee,,WKA1SNBAP95HCSKP40BE09XXYR,,ea,1
2/2/2019,11:47:03,Eastern Time (US & Canada),None,Jerk Chicken,1,Regular,,,$6.50 ,$0.00 ,$6.50 ,$0.00 ,xIuHMhdZPc2SrfxrtoKXFB6eV,opCwEhfoAzJoH092O5hievMF,,Juicy Grilled Leg Quarters steamed down in the perfect sweet and Spicy sauce!,Payment,Authentic by Zee,,9FY2KQCGFX3E7A6SR5D0YPWCSM,,ea,1
2/2/2019,11:46:21,Eastern Time (US & Canada),Beef,Short Ribs,1,Regular,,,$8.50 ,$0.00 ,$8.50 ,$0.00 ,rrBpxvsDugAB9RujdratEh7eV,VdmX34OjocvuJExEEFxTgvMF,,,Payment,Authentic by Zee,,RP984KTZXX50RMQW767A6RH2D8,,ea,1
2/2/2019,11:45:33,Eastern Time (US & Canada),None,Chicken Fajitas,1,Regular,,,$7.50 ,$0.00 ,$7.50 ,$0.00 ,z7t2Sx68OyY7Ts8Pyo3WfHqeV,LlWEkVP1UMuVClII9H1PktMF,,"Chicken Breast grilled and cut up served on a flour tortilla, with seared bell peppers and onions with just the right amount of Cheesy goodness !",Payment,Authentic by Zee,,DSRW7N7SK917MV3JFXZ9HXMRBM,,ea,1
2/2/2019,11:45:09,Eastern Time (US & Canada),None,Custom Amount,1,,,,$10.00 ,$0.00 ,$10.00 ,$0.00 ,Hfo9Wt4eAOrgL703gCftmGAfV,Wtwe3MvqVvLgMfQhoYJiKwMF,,,Payment,Authentic by Zee,,F5VPFKVA3S6SJR09V1EZM5Z2R8,,ea,1
2/2/2019,11:44:19,Eastern Time (US & Canada),None,Chicken Fajitas,1,Regular,,,$7.50 ,$0.00 ,$7.50 ,$0.00 ,1e4Lax204MWNFM1NMKGVQJkeV,PMxZiWMsfAcruGgNwOT50wMF,,"Chicken Breast grilled and cut up served on a flour tortilla, with seared bell peppers and onions with just the right amount of Cheesy goodness !",Payment,Authentic by Zee,,C3Z2RK0CK9020HR43N5X1FQTBG,,ea,1
2/2/2019,11:43:48,Eastern Time (US & Canada),None,Chicken Fajitas,1,Regular,,,$7.50 ,$0.00 ,$7.50 ,$0.00 ,ThS5vYo5prHAxP0Q5NDuoj4eV,HAUA4qVp9Iea2XLj1pkYavMF,,"Chicken Breast grilled and cut up served on a flour tortilla, with seared bell peppers and onions with just the right amount of Cheesy goodness !",Payment,Authentic by Zee,,DK1MQE8T5S3HAJ8YBCGRJ7CSJG,,ea,1
2/2/2019,11:43:16,Eastern Time (US & Canada),Beef,Short Ribs,1,Regular,,,$8.50 ,$0.00 ,$8.50 ,$0.00 ,bLtZXvT2IBHhxfokH6lDWIgeV,Z6d4BxgXqeSf4SiO5pou1uMF,,,Payment,Authentic by Zee,,3D9S2PT3H92CMVRVVG3CRRC1VR,,ea,1
2/2/2019,11:42:35,Eastern Time (US & Canada),Beef,Short Ribs,1,Regular,,,$8.50 ,$0.00 ,$8.50 ,$0.00 ,ds7yMbSkhZVeBiNt2hnuz4seV,HNFeVN4k54BDFwivLSfmLQB,,,Payment,Authentic by Zee,,,,ea,1
2/2/2019,11:41:52,Eastern Time (US & Canada),None,Chicken Fajitas,1,Regular,,,$7.50 ,$0.00 ,$7.50 ,$0.00 ,1MzT1rbmjNvuQrQxEnkOAgAfV,LPhGAUOQCQLV1hhgmTI9JQB,,"Chicken Breast grilled and cut up served on a flour tortilla, with seared bell peppers and onions with just the right amount of Cheesy goodness !",Payment,Authentic by Zee,,,,ea,1
2/2/2019,11:41:34,Eastern Time (US & Canada),None,Custom Amount,1,,,,$9.50 ,$0.00 ,$9.50 ,$0.00 ,BgyRAccJmXnDgtZcenZ4CNreV,yU38mxjEw80VBO9Xr96zwzMF,,,Payment,Authentic by Zee,,J8HQHT1DJD624G0R6DW2XGBD90,,ea,1
2/2/2019,11:40:26,Eastern Time (US & Canada),Beef,Short Ribs,1,Regular,,,$8.50 ,$0.00 ,$8.50 ,$0.00 ,tuoYvJCZJFGKhW3jCer9fxweV,rTAZ0pKHC9SF2ErcFzGDusMF,,,Payment,Authentic by Zee,,1ZF13XEPN50ZTW3CC45HAF9RW0,,ea,1
1/31/2019,11:49:20,Eastern Time (US & Canada),None,Jerk Chicken,1,Regular,,,$6.50 ,$0.00 ,$6.50 ,$0.00 ,56v8szU34AEZlpYEaBs6ejpeV,7SbZYz9rNLlX7bZ8OzNhWzMF,,Juicy Grilled Leg Quarters steamed down in the perfect sweet and Spicy sauce!,Payment,Authentic by Zee,,6XPHG4PPBS0HANEVK4SVGMZJAR,,ea,1
1/31/2019,11:48:14,Eastern Time (US & Canada),None,Custom Amount,1,,,,$6.50 ,$0.00 ,$6.50 ,$0.00 ,TtyEU5TrT77zfnZ2jB1pO8geV,x87zCjwt3idHYIj8kWQEFtMF,,,Payment,Authentic by Zee,,T6C5729Y8D6JPX491YXHXK3Z7M,,ea,1
1/31/2019,11:47:24,Eastern Time (US & Canada),None,Custom Amount,1,,,,$7.50 ,$0.00 ,$7.50 ,$0.00 ,P1Le6WQajN6BXly0E9bnr0eeV,BhHo6QTaj8ZPkGyDkIHtAvMF,,,Payment,Authentic by Zee,,G5NVVNXK59434R00P9TBSCWSPG,,ea,1
1/31/2019,11:46:52,Eastern Time (US & Canada),None,Chicken Fajitas,1,Regular,,,$7.50 ,$0.00 ,$7.50 ,$0.00 ,Z4qM3jOf3VMtq0pB1b8yucfeV,JEKugUYqwMKvdV2L7ez8xwMF,,"Seared Chicken Breast, laid on a wrap with sauteed onions, green & red bell peppers, and cheese, then grilled to perfection on the foreman.",Payment,Authentic by Zee,,DK1MQE8T5S3HAJ8YBCGRJ7CSJG,,ea,1
1/31/2019,11:46:52,Eastern Time (US & Canada),None,Custom Amount,1,,,,$10.00 ,$0.00 ,$10.00 ,$0.00 ,Z4qM3jOf3VMtq0pB1b8yucfeV,JEKugUYqwMKvdV2L7ez8xwMF,,,Payment,Authentic by Zee,,DK1MQE8T5S3HAJ8YBCGRJ7CSJG,,ea,1
1/31/2019,11:46:11,Eastern Time (US & Canada),Chicken,BBQ Chicken,1,Regular,,,$6.00 ,$0.00 ,$6.00 ,$0.00 ,xsUTRv1sEBXKynHs9sMQm2oeV,qjifAQUyZrSQ2IURRf1giyMF,,,Payment,Authentic by Zee,,RJCX7J897D7SEPSVA0W9BNXMBW,,ea,1
1/31/2019,11:45:42,Eastern Time (US & Canada),Chicken,Curry chicken,1,Regular,,,$6.50 ,$0.00 ,$6.50 ,$0.00 ,jhMgFnjrg3H3iNyqv1Lwn5neV,44lQZkdmS28qGAwuLRMZFtMF,,,Payment,Authentic by Zee,,359D7MA13X2VGSZGCNZXVY3Q2R,,ea,1
1/31/2019,11:44:51,Eastern Time (US & Canada),None,Chicken Fajitas,1,Regular,,,$7.50 ,$0.00 ,$7.50 ,$0.00 ,fVZNFwOiSvqoK6VQ7Qz23VzeV,6H1TLKENCZgBiM2VMLMiFzMF,,"Chicken Breast grilled and cut up served on a flour tortilla, with seared bell peppers and onions with just the right amount of Cheesy goodness !",Payment,Authentic by Zee,,7RQJDGCMXH10JXMSMRVXWMK7M4,,ea,1
1/31/2019,11:43:26,Eastern Time (US & Canada),None,Custom Amount,1,,,,$7.50 ,$0.00 ,$7.50 ,$0.00 ,zftL1pNPOcNjCHCMNjrC6FneV,LIf75TgBJuJBEbqJBlYMOzMF,,,Payment,Authentic by Zee,,P99XYEVCNN44MMZFFGHWZ0VBSC,,ea,1
1/31/2019,11:42:22,Eastern Time (US & Canada),None,Custom Amount,1,,,,$6.50 ,$0.00 ,$6.50 ,$0.00 ,Pzcj2LrZfgmphgNgIfQ2fLleV,WvrIr1WwcHjAWwNBBMwwWtMF,,,Payment,Authentic by Zee,,RP984KTZXX50RMQW767A6RH2D8,,ea,1
1/26/2019,14:20:29,Eastern Time (US & Canada),None,Jerk Chicken,1,Char,,,$8.00 ,$0.00 ,$8.00 ,$0.00 ,5IWcstjvc3vHCkJ1sSp7myxeV,1Xq25vAyz0URktC3gTP9EuMF,,Juicy Grilled Leg Quarters steamed down in the perfect sweet and Spicy sauce!,Payment,Authentic by Zee,,ZSQMKZ6XZ14SK6FVATBGNPA278,,ea,1
1/26/2019,14:20:29,Eastern Time (US & Canada),Dessert,Banana Pudding,5,Regular,,,$15.00 ,$0.00 ,$15.00 ,$0.00 ,5IWcstjvc3vHCkJ1sSp7myxeV,1Xq25vAyz0URktC3gTP9EuMF,,"Ripe Banana, layered with Vanilla Pudding and fluffy cool Whip, with vanilla wafer crackers that'll have your mouth saying ""more please!""",Payment,Authentic by Zee,,ZSQMKZ6XZ14SK6FVATBGNPA278,,ea,5
1/26/2019,14:20:29,Eastern Time (US & Canada),None,Char Deli,1,Regular,,,$2.50 ,$0.00 ,$2.50 ,$0.00 ,5IWcstjvc3vHCkJ1sSp7myxeV,1Xq25vAyz0URktC3gTP9EuMF,,,Payment,Authentic by Zee,,ZSQMKZ6XZ14SK6FVATBGNPA278,,ea,1
1/26/2019,11:54:08,Eastern Time (US & Canada),None,Custom Amount,1,,,,$6.50 ,$0.00 ,$6.50 ,$0.00 ,NuUo6Pep1cMvIQCheuxefAseV,1rRi1WXgd3d8RoJ8eDQ0pxMF,,,Payment,Authentic by Zee,,1EF0JSFCX14XVAQ17TARTADCW4,,ea,1
1/26/2019,11:46:45,Eastern Time (US & Canada),None,Custom Amount,1,,,,$7.50 ,$0.00 ,$7.50 ,$0.00 ,DNctl042QKB04fhgAGyvqa6eV,vhryp2jd6dezTCBGYZqh3yMF,,,Payment,Authentic by Zee,,J8HQHT1DJD624G0R6DW2XGBD90,,ea,1
1/26/2019,11:45:58,Eastern Time (US & Canada),None,Custom Amount,1,,,,$6.50 ,$0.00 ,$6.50 ,$0.00 ,PVJ1GQkm0dl1lP9vxG4d4BheV,JEHwws79MdoYxG2OE0wXwuMF,,,Payment,Authentic by Zee,,RP984KTZXX50RMQW767A6RH2D8,,ea,1
1/26/2019,11:45:24,Eastern Time (US & Canada),None,Custom Amount,1,,,,$7.50 ,$0.00 ,$7.50 ,$0.00 ,NE53deTkxpYVUM6cjWb1ytfeV,yRF9pr5lbwHUNantwlsaUwMF,,,Payment,Authentic by Zee,,F5VPFKVA3S6SJR09V1EZM5Z2R8,,ea,1
1/26/2019,11:44:59,Eastern Time (US & Canada),None,Custom Amount,1,,,,$7.50 ,$0.00 ,$7.50 ,$0.00 ,1GgJSC1Mn4EIBZgpu5jpsHmeV,PhQGTPRDYsiwjQtsONGcsxMF,,,Payment,Authentic by Zee,,DK1MQE8T5S3HAJ8YBCGRJ7CSJG,,ea,1
1/26/2019,11:44:40,Eastern Time (US & Canada),None,Custom Amount,1,,,,$16.00 ,$0.00 ,$16.00 ,$0.00 ,vhPxkHln6UR2i13WLOfxC23eV,k4F2JbA6xdrdpnJeYfQFAvMF,,,Payment,Authentic by Zee,,DSRW7N7SK917MV3JFXZ9HXMRBM,,ea,1
1/26/2019,11:44:07,Eastern Time (US & Canada),None,Custom Amount,1,,,,$7.50 ,$0.00 ,$7.50 ,$0.00 ,tcxbobco3E8801iETJrkkyieV,tY8aZXQJaE7Ypl2Y5KJ2zwMF,,,Payment,Authentic by Zee,,C3Z2RK0CK9020HR43N5X1FQTBG,,ea,1
1/26/2019,11:43:46,Eastern Time (US & Canada),None,Custom Amount,1,,,,$8.00 ,$0.00 ,$8.00 ,$0.00 ,jlorWKe8DxImHJgYx6BSezeeV,N1hPxN59SA4aaYwGUI3APvMF,,,Payment,Authentic by Zee,,P99XYEVCNN44MMZFFGHWZ0VBSC,,ea,1
1/26/2019,11:42:46,Eastern Time (US & Canada),Chicken,Curry chicken,1,Regular,,,$6.50 ,$0.00 ,$6.50 ,$0.00 ,bF0mXRhjhN1XdBMWTD82lYveV,pzOD1zhx4CNZx89hs3WFeuMF,,,Payment,Authentic by Zee,,1ZF13XEPN50ZTW3CC45HAF9RW0,,ea,1
1/24/2019,14:38:36,Eastern Time (US & Canada),None,Custom Amount,1,,,,$11.00 ,$0.00 ,$11.00 ,$0.00 ,dCkvd6HMf7Zz2zfxHDqkJkweV,s48Nho9nOwK92FEjzrrtbxMF,,,Payment,Authentic by Zee,,ZSQMKZ6XZ14SK6FVATBGNPA278,,ea,1
1/24/2019,14:38:36,Eastern Time (US & Canada),Dessert,'Nana Pudding,3,Regular,,,$9.00 ,$0.00 ,$9.00 ,$0.00 ,dCkvd6HMf7Zz2zfxHDqkJkweV,s48Nho9nOwK92FEjzrrtbxMF,,,Payment,Authentic by Zee,,ZSQMKZ6XZ14SK6FVATBGNPA278,,ea,3
1/24/2019,12:14:06,Eastern Time (US & Canada),None,Custom Amount,1,,,,$6.50 ,$0.00 ,$6.50 ,$0.00 ,jj3BPjgmzLpRT70lNelXI5teV,KoQrJxYK9zSFcmZUSDzXWuMF,,,Payment,Authentic by Zee,,VSW1XKEV415DYJQ3JETS8WDP5G,,ea,1
1/24/2019,12:07:28,Eastern Time (US & Canada),None,Custom Amount,1,,,,$6.50 ,$0.00 ,$6.50 ,$0.00 ,bjHw94IETUZSxI0BEpuWVqueV,FsSiIoXwVaaNqoeNhNlvNtMF,,,Payment,Authentic by Zee,,8H16HWYMW17H4NDMVV6S6EA75R,,ea,1
1/24/2019,12:06:23,Eastern Time (US & Canada),None,Custom Amount,1,,,,$7.50 ,$0.00 ,$7.50 ,$0.00 ,7xgrsQOpoyViL7ZYT76saNyeV,T3IsGrNU4ap3nTP0h5FfNxMF,,,Payment,Authentic by Zee,,P99XYEVCNN44MMZFFGHWZ0VBSC,,ea,1
1/24/2019,12:01:44,Eastern Time (US & Canada),None,Custom Amount,1,,,,$6.50 ,$0.00 ,$6.50 ,$0.00 ,fZH5iPZ4dsCLGJBAkJxh6H0eV,ZCFK6c13PtwPWW3r44llGtMF,,,Payment,Authentic by Zee,,7RQJDGCMXH10JXMSMRVXWMK7M4,,ea,1
1/24/2019,12:01:06,Eastern Time (US & Canada),None,Custom Amount,1,,,,$7.50 ,$0.00 ,$7.50 ,$0.00 ,7pqSiVbz71vOFVFffaKRvBleV,7JcyfIx2T4CzKw0B97xQEzMF,,,Payment,Authentic by Zee,,DK1MQE8T5S3HAJ8YBCGRJ7CSJG,,ea,1
1/24/2019,12:00:17,Eastern Time (US & Canada),None,Custom Amount,1,,,,$6.50 ,$0.00 ,$6.50 ,$0.00 ,1o5NEVunao43mZpnzzeuexyeV,8GOA7NktmFaUbi3jOiyf7xMF,,,Payment,Authentic by Zee,,RJCX7J897D7SEPSVA0W9BNXMBW,,ea,1
1/24/2019,11:59:47,Eastern Time (US & Canada),None,Custom Amount,1,,,,$6.00 ,$0.00 ,$6.00 ,$0.00 ,7xewHkKBBEUTXv9IPnhytN4eV,lZnpCiejjPEGr8JjShaPHyMF,,,Payment,Authentic by Zee,,DSRW7N7SK917MV3JFXZ9HXMRBM,,ea,1
1/23/2019,15:43:19,Eastern Time (US & Canada),None,Custom Amount,1,,,,$60.00 ,$0.00 ,$60.00 ,$0.00 ,96wDTfvQPWvThb06BoruKpjeV,G05M7D4qWJFnnh6FF5bzvvMF,,,Payment,Authentic by Zee,,R465P5R3JH036MEBHQK8AXAKSW,,ea,1
1/22/2019,12:15:40,Eastern Time (US & Canada),None,Custom Amount,1,,,,$10.00 ,$0.00 ,$10.00 ,$0.00 ,jnZNTUPgecbC2i5rG6etTOveV,vJffO8rYKLR17OnAbqCupzMF,,,Payment,Authentic by Zee,,TB67HBDVVS2NAQ3RBM2FH4QAHW,,ea,1
1/22/2019,12:14:49,Eastern Time (US & Canada),None,Custom Amount,1,,,,$20.00 ,$0.00 ,$20.00 ,$0.00 ,f1Zb2rIhkMOWb2nA7e6qeyveV,dC9CO8nnoVen55OagcwXatMF,,,Payment,Authentic by Zee,,359D7MA13X2VGSZGCNZXVY3Q2R,,ea,1
1/19/2019,12:43:25,Eastern Time (US & Canada),None,Custom Amount,1,,,,$6.50 ,$0.00 ,$6.50 ,$0.00 ,ZO1Ku9B3xVZjGufyesCzuD6eV,juxQvwtJ85ygoMqfZClD7xMF,,,Payment,Authentic by Zee,,6XWD5NBGBH2E8RMED1FEC1XG38,,ea,1
1/19/2019,12:43:25,Eastern Time (US & Canada),None,Custom Amount,1,,,,$7.50 ,$0.00 ,$7.50 ,$0.00 ,ZO1Ku9B3xVZjGufyesCzuD6eV,juxQvwtJ85ygoMqfZClD7xMF,,,Payment,Authentic by Zee,,6XWD5NBGBH2E8RMED1FEC1XG38,,ea,1
1/19/2019,12:43:25,Eastern Time (US & Canada),None,Custom Amount,1,,,,$0.50 ,$0.00 ,$0.50 ,$0.00 ,ZO1Ku9B3xVZjGufyesCzuD6eV,juxQvwtJ85ygoMqfZClD7xMF,,,Payment,Authentic by Zee,,6XWD5NBGBH2E8RMED1FEC1XG38,,ea,1
1/19/2019,12:01:26,Eastern Time (US & Canada),None,Custom Amount,1,,,,$6.50 ,$0.00 ,$6.50 ,$0.00 ,njOD6NNAzEhnIQwQN5He1Q7eV,0non8P1sJmCbc6w96Z1yHyMF,,,Payment,Authentic by Zee,,RP984KTZXX50RMQW767A6RH2D8,,ea,1
1/19/2019,11:45:45,Eastern Time (US & Canada),None,Custom Amount,1,,,,$6.50 ,$0.00 ,$6.50 ,$0.00 ,XVLJPMSeeWyvNjLzZUk5bA5eV,SkFnBVWP3JbZ2LAtyO7ikxMF,,,Payment,Authentic by Zee,,9FY2KQCGFX3E7A6SR5D0YPWCSM,,ea,1
1/19/2019,11:42:33,Eastern Time (US & Canada),None,Custom Amount,1,,,,$6.00 ,$0.00 ,$6.00 ,$0.00 ,TBcS5GYov1CdSu7uZz4K8hoeV,CzEKWmkhHF2IpYnpkHVDhxMF,,,Payment,Authentic by Zee,,0YHP831WSN50MRF7GHZCGW6WAW,,ea,1
1/19/2019,11:41:35,Eastern Time (US & Canada),None,Custom Amount,1,,,,$7.50 ,$0.00 ,$7.50 ,$0.00 ,PdJtZbAs4SkeQxt0v0vS9f1eV,JYorN5aIWc5G8AmT33OQGwMF,,,Payment,Authentic by Zee,,DK1MQE8T5S3HAJ8YBCGRJ7CSJG,,ea,1
1/17/2019,18:04:13,Eastern Time (US & Canada),None,Custom Amount,1,,,,$50.00 ,$0.00 ,$50.00 ,$0.00 ,pckAUMPyygTxkP8YAYzRRs7eV,TPJFztyX8oohwL92wX1qftMF,,,Payment,Authentic by Zee,,BZM2Z8VXAN3QCHS77TC506EFD0,,ea,1
1/17/2019,12:16:17,Eastern Time (US & Canada),None,Custom Amount,1,,,,$8.00 ,$0.00 ,$8.00 ,$0.00 ,xGJBuBAf9qiWDGcneKolTE1eV,YJY3rI6yjUurPa0CrfyzlwMF,,,Payment,Authentic by Zee,,TB67HBDVVS2NAQ3RBM2FH4QAHW,,ea,1
1/17/2019,12:16:17,Eastern Time (US & Canada),None,Custom Amount,1,,,,$7.00 ,$0.00 ,$7.00 ,$0.00 ,xGJBuBAf9qiWDGcneKolTE1eV,YJY3rI6yjUurPa0CrfyzlwMF,,,Payment,Authentic by Zee,,TB67HBDVVS2NAQ3RBM2FH4QAHW,,ea,1
1/12/2019,12:05:52,Eastern Time (US & Canada),None,Custom Amount,1,,,,$6.50 ,$0.00 ,$6.50 ,$0.00 ,RoOrUPiVb8XAl3SQE00ZRHmeV,v6DVqpnr7rfZ9RtMGEjsQwMF,,,Payment,Authentic by Zee,,G5NVVNXK59434R00P9TBSCWSPG,,ea,1
1/12/2019,11:46:36,Eastern Time (US & Canada),None,Custom Amount,1,,,,$6.50 ,$0.00 ,$6.50 ,$0.00 ,tUjUdgxGXiDD8bea2aH3yzyeV,NMyYwz83NdCz8WhG77bz4xMF,,,Payment,Authentic by Zee,,8H16HWYMW17H4NDMVV6S6EA75R,,ea,1
1/12/2019,11:43:06,Eastern Time (US & Canada),None,Custom Amount,1,,,,$7.50 ,$0.00 ,$7.50 ,$0.00 ,bV2pmFsPZuRspGdPVriOd2qeV,SJdSYnox9ZkzW6QNE0Fv2uMF,,,Payment,Authentic by Zee,,P99XYEVCNN44MMZFFGHWZ0VBSC,,ea,1
1/12/2019,11:42:30,Eastern Time (US & Canada),None,Custom Amount,1,,,,$6.50 ,$0.00 ,$6.50 ,$0.00 ,b9oIiFLlpNazG5fX99WD3TqeV,JAUr4KV3sEoyX6YTQyp0KQB,,,Payment,Authentic by Zee,,,,ea,1
1/12/2019,11:42:30,Eastern Time (US & Canada),None,Custom Amount,1,,,,$7.50 ,$0.00 ,$7.50 ,$0.00 ,b9oIiFLlpNazG5fX99WD3TqeV,JAUr4KV3sEoyX6YTQyp0KQB,,,Payment,Authentic by Zee,,,,ea,1
1/12/2019,11:41:36,Eastern Time (US & Canada),None,Custom Amount,1,,,,$12.50 ,$0.00 ,$12.50 ,$0.00 ,RoMcXOjnWQI1PyoHNf8Dw2feV,HRYFL8zUPH4LvlCb7nLTwwMF,,,Payment,Authentic by Zee,,0YHP831WSN50MRF7GHZCGW6WAW,,ea,1
1/12/2019,11:31:01,Eastern Time (US & Canada),None,Custom Amount,1,,,,$12.50 ,$0.00 ,$12.50 ,$0.00 ,dqmyf6OziyW2wTjpTUZrjSqeV,sOrmUISvjho2DBl8acn2A0MF,,,Payment,Authentic by Zee,,359D7MA13X2VGSZGCNZXVY3Q2R,,ea,1
1/12/2019,11:29:15,Eastern Time (US & Canada),None,Custom Amount,1,,,,$8.00 ,$0.00 ,$8.00 ,$0.00 ,hcojtc71xKflrNEDecFVz2peV,jPJTBTUMyh0svzVeHIBqKQB,,,Payment,Authentic by Zee,,,,ea,1
1/12/2019,11:29:15,Eastern Time (US & Canada),None,Custom Amount,1,,,,$6.50 ,$0.00 ,$6.50 ,$0.00 ,hcojtc71xKflrNEDecFVz2peV,jPJTBTUMyh0svzVeHIBqKQB,,,Payment,Authentic by Zee,,,,ea,1
1/12/2019,11:26:05,Eastern Time (US & Canada),None,Custom Amount,1,,,,$7.50 ,$0.00 ,$7.50 ,$0.00 ,xEKeeyG5lBCKT5i3TduDth7eV,VdRjNUyYF9yIDjIEHIwnpyMF,,,Payment,Authentic by Zee,,TB67HBDVVS2NAQ3RBM2FH4QAHW,,ea,1
1/10/2019,12:13:11,Eastern Time (US & Canada),None,Custom Amount,1,,,,$10.00 ,$0.00 ,$10.00 ,$0.00 ,RQYmqOAwsRxFXJKbpYAhPYleV,Oo7VPGd0fP1VdFOcJ2dRhtMF,,,Payment,Authentic by Zee,,TB67HBDVVS2NAQ3RBM2FH4QAHW,,ea,1
1/10/2019,11:43:13,Eastern Time (US & Canada),None,Custom Amount,1,,,,$6.00 ,$0.00 ,$6.00 ,$0.00 ,18d6EFWHuNDe3iadtx6C7MqeV,200H2FiJnu3jpIxJBymnzsMF,,,Payment,Authentic by Zee,,0YHP831WSN50MRF7GHZCGW6WAW,,ea,1
1/10/2019,11:41:58,Eastern Time (US & Canada),None,Custom Amount,1,,,,$6.50 ,$0.00 ,$6.50 ,$0.00 ,ZkGlkU0NpwblmGucIOZGqh2eV,ENS1Hn9DmvHbEPo6GqEBusMF,,,Payment,Authentic by Zee,,TWCSQBC95N3ZYG4ET5NYNJ51NC,,ea,1
1/5/2019,12:09:53,Eastern Time (US & Canada),None,Custom Amount,1,,,,$8.00 ,$0.00 ,$8.00 ,$0.00 ,HFZcqzat8UTI5jaIM8Kqlo3eV,AgxK66PUHV0bQCwVwy2lLtMF,,,Payment,Authentic by Zee,,VSW1XKEV415DYJQ3JETS8WDP5G,,ea,1
1/5/2019,12:05:45,Eastern Time (US & Canada),None,Custom Amount,1,,,,$6.00 ,$0.00 ,$6.00 ,$0.00 ,92mtcAp9hyvgV01FW17ReSyeV,I0lOhIzzc1uubBMHC1TZzyMF,,,Payment,Authentic by Zee,,RJCX7J897D7SEPSVA0W9BNXMBW,,ea,1
1/5/2019,12:02:09,Eastern Time (US & Canada),None,Custom Amount,1,,,,$6.50 ,$0.00 ,$6.50 ,$0.00 ,dGUs4ePs6EZDkzGHMrG5pL0eV,7FJj68Zhee7rMfoyQ0bZNvMF,,,Payment,Authentic by Zee,,57N4EB7CCS1YGN7C0NC4T4ZRQ4,,ea,1
1/5/2019,11:50:54,Eastern Time (US & Canada),None,Custom Amount,1,,,,$6.00 ,$0.00 ,$6.00 ,$0.00 ,pM8cisfllfGtmyyBkiLkP90eV,0EqjNlWqsiUJmCVzpyPdzsMF,,,Payment,Authentic by Zee,,9FY2KQCGFX3E7A6SR5D0YPWCSM,,ea,1
1/5/2019,11:44:42,Eastern Time (US & Canada),None,Custom Amount,1,,,,$14.50 ,$0.00 ,$14.50 ,$0.00 ,l646CLOLKvzYfPDSniumm1yeV,CRmcupT6R4VxYY7apJjKB0MF,,,Payment,Authentic by Zee,,0YHP831WSN50MRF7GHZCGW6WAW,,ea,1
1/5/2019,11:40:30,Eastern Time (US & Canada),None,Custom Amount,1,,,,$6.00 ,$0.00 ,$6.00 ,$0.00 ,TfZvMk3D94v7XIWip5UVLlzeV,Nt9qXzSi43SJqES9sG5gJxMF,,,Payment,Authentic by Zee,,DSRW7N7SK917MV3JFXZ9HXMRBM,,ea,1
12/31/2020,22:57:35,Eastern Time (US & Canada),None,Custom Amount,1,,,,$10.00 ,$0.00 ,$10.00 ,$0.50 ,PnU0vjH5cmpPl1Z9Owrqo6ieV,pB1V1dODFSMvwZtfgbJ9Q9YPcc4F,,,Payment,Authentic by Zee,,GW97Q1RHAX23SEQKK1GBKPE010,,ea,1
12/31/2020,22:52:34,Eastern Time (US & Canada),None,Custom Amount,1,,,,$5.00 ,$0.00 ,$5.00 ,$0.25 ,fVrybEOuNHQ2d5HWmRwizp8eV,LwOsqHGH1GLEcwEVIqhFq5lS5h4F,,,Payment,Authentic by Zee,,DHQC3KY5AD1DH61GGXEPTJXFM8,,ea,1
12/31/2020,22:46:20,Eastern Time (US & Canada),None,Custom Amount,1,,,,$8.00 ,$0.00 ,$8.00 ,$0.40 ,Jc2BED6wLvcow7t0QOlyspyeV,JXiwCq1VPVFmLCA99FIFa5rnog4F,,,Payment,Authentic by Zee,,YJYA59Y7194XS12P35Z4Z501R0,,ea,1
12/31/2020,22:41:33,Eastern Time (US & Canada),None,Custom Amount,1,,,,$5.00 ,$0.00 ,$5.00 ,$0.25 ,nf6g1zmKvZ5I29EyymCKozueV,R1RjX0pWRnOUVub9vu0op7tzmZ4F,,,Payment,Authentic by Zee,,K82S621AX16MQ9T9XWZ7VWTR00,,ea,1
12/31/2020,22:40:08,Eastern Time (US & Canada),None,Custom Amount,1,,,,$3.00 ,$0.00 ,$3.00 ,$0.15 ,1cJm73BCp4BPG0Q2h3WBJO0eV,dJMl7ody4ajfWhzZ0i8Ap91V3f4F,,,Payment,Authentic by Zee,,0PYC8GVM0159V6D3CJ3WXDZS9R,,ea,1
12/30/2020,16:40:58,Eastern Time (US & Canada),Chicken,4 Item Warm Bar,1,15-20,,,$250.00 ,($20.00),$230.00 ,$28.75 ,rJC2BKGAzCP9stvCv0hGTMseV,"BxbTByhvLXQcQ5pjCkdpxM0I5e4F, F4bockKnmeH1okUx8UifLQB, lofS2j7xuYx0ZTCiGbjILQB",,"This Combination would include 2 chicken meats of any flavor, and 2 side items.",Payment,Authentic by Zee,,"CAZNR16ZYD36KF004Z8NDP43VW, CAZNR16ZYD36KF004Z8NDP43VW, CAZNR16ZYD36KF004Z8NDP43VW",", , ",ea,1
12/30/2020,15:59:51,Eastern Time (US & Canada),Chicken,4 Item Warm Bar,1,15-20,,,$250.00 ,($20.00),$230.00 ,$28.75 ,d8NnigDz9Ql3bjAVQ2LKZQheV,"B4OhKF3bABKNpGjlaOILKQB, LlsisrkqudsK4vGw3TocKQB",,"This Combination would include 2 chicken meats of any flavor, and 2 side items.",Payment,Authentic by Zee,,"CAZNR16ZYD36KF004Z8NDP43VW, CAZNR16ZYD36KF004Z8NDP43VW",", ",ea,1
12/30/2020,15:57:00,Eastern Time (US & Canada),None,Custom Amount,1,,,,$100.62 ,$0.00 ,$100.62 ,$0.00 ,5mrLcQsL11ZSaSlBohOFVc4eV,"ZmpIxeuzSw01hDoVgR3PLQB, k3oma1A7QC7xNNsHM5VmhuMF",,Partial Invoice Payment,Payment,Authentic by Zee,,"CAZNR16ZYD36KF004Z8NDP43VW, 2YESDD086N72B5FA0JB6JQP1FW",", ",ea,1
12/21/2020,13:27:28,Eastern Time (US & Canada),None,Baked Beans ,1,Regular,,,$35.00 ,$0.00 ,$35.00 ,$4.37 ,BWjW5OyNKrVUOeeH9uR7FG3eV,x78ZU77uGcsdT09GStnPbAaqIg4F,,,Payment,Authentic by Zee,,EFDZR84V8X0517JCZ04X573ETM,,ea,1
12/12/2020,21:42:10,Eastern Time (US & Canada),None,Custom Amount,1,,,,$30.00 ,$0.00 ,$30.00 ,$1.50 ,d8VBhaDjJsoH7bAKBxEdsr9eV,cVGh4n28jDwUqBQIvatYwuMF,,,Payment,Authentic by Zee,,,,ea,1
11/23/2020,18:27:50,Eastern Time (US & Canada),None,Custom Amount,1,,,,$10.00 ,$0.00 ,$10.00 ,$0.50 ,BQe51f4oxLBzJ9OfsYb49SneV,pYg9AmZAlRWLPIuvTKtijtMF,,,Payment,Authentic by Zee,,8A185VEVEX6251X746G7NDGZK4,,ea,1
11/23/2020,18:21:57,Eastern Time (US & Canada),None,Custom Amount,1,,,,$10.00 ,$0.00 ,$10.00 ,$0.50 ,X1d2fTltN48qlpXbrJo4QU2eV,2ATsLtKnolNM8VxoIGSgSsMF,,,Payment,Authentic by Zee,,PRM3K7R095615917Q1YEACJV58,,ea,1
11/23/2020,18:11:02,Eastern Time (US & Canada),None,Custom Amount,1,,,,$25.00 ,$0.00 ,$25.00 ,$1.25 ,DvjodmffnGp20tA7mTzDsppeV,KcOVEHr19mF8OSh4HuSvhxMF,,,Payment,Authentic by Zee,,779BN7627S42F4DBAAHGSPK63R,,ea,1
11/23/2020,18:02:47,Eastern Time (US & Canada),None,Custom Amount,1,,,,$7.00 ,$0.00 ,$7.00 ,$0.35 ,N8rUA9OjGIsMDbZLbQEnuM3eV,pUQSso0qQ8kwrtlJkAMegyMF,,,Payment,Authentic by Zee,,BNX9GYJKZD6V76XGZHCB80A15M,,ea,1
11/23/2020,18:01:52,Eastern Time (US & Canada),None,Custom Amount,1,,,,$10.00 ,$0.00 ,$10.00 ,$0.50 ,jlI9LEc1rlkLow0SggTCeJjeV,SdLjmi2RTTJ91aItfPwqTzMF,,,Payment,Authentic by Zee,,2B1MWDK3SX0Z95K9RK4AAK20AG,,ea,1
11/23/2020,18:01:01,Eastern Time (US & Canada),None,Custom Amount,1,,,,$10.00 ,$0.00 ,$10.00 ,$0.50 ,RgqrstVzhuBMHxECsazLzb2eV,0QCzZSHPXvLuHRXu7sDDjxMF,,,Payment,Authentic by Zee,,KYGA7697R11N9AVVAHJ43EHAHR,,ea,1
11/23/2020,16:45:37,Eastern Time (US & Canada),None,Custom Amount,1,,,,$2.00 ,$0.00 ,$2.00 ,$0.10 ,P550GQ6sHR4ZiiQpG9zUjFgeV,c0dCH3EVQXl5ThTu6x6vHvMF,,,Payment,Authentic by Zee,,Y23HT5J8RD3B70R7DERTVR3B0M,,ea,1
11/23/2020,16:39:31,Eastern Time (US & Canada),None,Custom Amount,1,,,,$8.00 ,$0.00 ,$8.00 ,$0.40 ,VmUre7vTwnnPKvrzTVjLnA4eV,Pd0JyTiZPvmb2tCpR7LcoyMF,,,Payment,Authentic by Zee,,PRM3K7R095615917Q1YEACJV58,,ea,1
11/23/2020,15:45:24,Eastern Time (US & Canada),None,Custom Amount,1,,,,$2.00 ,$0.00 ,$2.00 ,$0.10 ,B8klbzj4fOXAhtU2YCUAd6veV,6XFoiStjlrqryw5Obd7DIvMF,,,Payment,Authentic by Zee,,FMQRYKVZGX6F7EETYCP1C0K8YW,,ea,1
11/23/2020,15:38:51,Eastern Time (US & Canada),None,Custom Amount,1,,,,$11.00 ,$0.00 ,$11.00 ,$0.55 ,dugKdOYXGjapAjrSLeJKPlqeV,0xn8JNj22HyppGh4ERHZOuMF,,,Payment,Authentic by Zee,,FMQRYKVZGX6F7EETYCP1C0K8YW,,ea,1
11/23/2020,15:32:02,Eastern Time (US & Canada),None,Custom Amount,1,,,,$11.00 ,$0.00 ,$11.00 ,$0.55 ,jdW6nN2m76y24hxdVTQNP4ueV,0SpNLlhYbb3wzmzIyKGPHvMF,,,Payment,Authentic by Zee,,2B1MWDK3SX0Z95K9RK4AAK20AG,,ea,1
11/23/2020,14:16:05,Eastern Time (US & Canada),None,Custom Amount,1,,,,$15.00 ,$0.00 ,$15.00 ,$0.75 ,nBB5gbljVUptRIMz1Py03lkeV,F5pGGxVJG0JSyIQAo4nknvMF,,,Payment,Authentic by Zee,,9X5FR46KTD0N5E9DJ23F8RV8P0,,ea,1
11/22/2020,20:31:20,Eastern Time (US & Canada),None,Custom Amount,1,,,,$15.00 ,$0.00 ,$15.00 ,$0.75 ,18p2HjrFRKC8gDPTH7u1BS5eV,NNiUFoV5jGslulNnYqfZpuMF,,,Payment,Authentic by Zee,,KYGA7697R11N9AVVAHJ43EHAHR,,ea,1
11/22/2020,19:29:44,Eastern Time (US & Canada),None,Custom Amount,1,,,,$26.00 ,$0.00 ,$26.00 ,$1.30 ,xilyb7zt36LJWtLB7BhEx78eV,yHzFPZDwtvMpuBumnMabIuMF,,,Payment,Authentic by Zee,,MZNJMZ3Q412RDD9BAGYGK5WSFR,,ea,1
11/22/2020,19:07:57,Eastern Time (US & Canada),None,Custom Amount,1,,,,$23.00 ,$0.00 ,$23.00 ,$1.15 ,3TaTgJW0kQ1jmUGz9FQ9FlreV,xY6iTrMhMC7cf28YXlrLitMF,,,Payment,Authentic by Zee,,ASMCT5EDF16Z924CKT0WNYJE1R,,ea,1
11/22/2020,19:01:13,Eastern Time (US & Canada),None,Custom Amount,1,,,,$24.00 ,$0.00 ,$24.00 ,$1.20 ,bfnNlxEie73AVpZgrfb0n6teV,U7HCWzQe9lvwfc5KLpbF9tMF,,,Payment,Authentic by Zee,,EBZFRKKS3X5QV677YAVWN26014,,ea,1
11/22/2020,18:58:44,Eastern Time (US & Canada),None,Custom Amount,1,,,,$19.00 ,$0.00 ,$19.00 ,$0.95 ,rZgfoIbsxB8iTn3ebLM9Ut4eV,wUC225uW80K90Rtb9QX2JtMF,,,Payment,Authentic by Zee,,DVAZ8X14RX55N2JNWHRXW60MC4,,ea,1
11/14/2020,14:20:09,Eastern Time (US & Canada),None,Custom Amount,1,,,,$13.00 ,$0.00 ,$13.00 ,$0.65 ,LLvQfzCq5egtNIJJbQrx7P6eV,kJEn0gGJGcjQ66BuroaFbzMF,,,Payment,Authentic by Zee,,9V25JM70DN32X5P33GHTS2ADJW,,ea,1
11/9/2020,18:00:02,Eastern Time (US & Canada),None,Custom Amount,1,,,,$10.00 ,$0.00 ,$10.00 ,$0.50 ,d60L8hJZFBLSQxRLqLdetCAfV,EjWKBUWPCroPGhZmkKAntuMF,,,Payment,Authentic by Zee,,BDWNR8DDTH6XQ2DJ2F9W2F2EAM,,ea,1
11/9/2020,17:26:51,Eastern Time (US & Canada),None,Custom Amount,1,,,,$18.00 ,$0.00 ,$18.00 ,$0.90 ,BC9qasxpJhEDeK3vy1lzJ3oeV,co3jLe5loYBrXPmGQ9OgLxMF,,,Payment,Authentic by Zee,,BDWNR8DDTH6XQ2DJ2F9W2F2EAM,,ea,1
11/2/2020,17:42:16,Eastern Time (US & Canada),None,Custom Amount,1,,,,$14.00 ,$0.00 ,$14.00 ,$0.70 ,n5jSxwUsB7DPJ1IYfZZaSqpeV,OSFhtz6aRq2WHCRFJU7UpzMF,,,Payment,Authentic by Zee,,QYDQ000RXD22XFP6W8ANSQBF4R,,ea,1
11/2/2020,16:36:10,Eastern Time (US & Canada),None,Custom Amount,1,,,,$21.00 ,$0.00 ,$21.00 ,$1.05 ,X91Ubg9S2yUePpQJAKBEyl0eV,1M5NyeY3rRRraer1wCLjXtMF,,,Payment,Authentic by Zee,,GPKW7YXQSD7WSB6CJSDTJKD9XM,,ea,1
11/2/2020,15:55:11,Eastern Time (US & Canada),None,Custom Amount,1,,,,$10.00 ,$0.00 ,$10.00 ,$0.50 ,nbEsOC6vTOukP9S6Ji2jhGneV,fhSE85o7TRumXjYGA0J9RsMF,,,Payment,Authentic by Zee,,QNQG4KT55N2TFBWS9M9JVSR77M,,ea,1
10/26/2020,17:58:53,Eastern Time (US & Canada),None,Custom Amount,1,,,,$6.00 ,$0.00 ,$6.00 ,$0.30 ,jVsp2c0bFCYY4RJ99XViZc7eV,isT3EShJLKTuXgbxKPdyOxMF,,,Payment,Authentic by Zee,,,,ea,1
10/26/2020,17:58:53,Eastern Time (US & Canada),None,Custom Amount,1,,,,$1.00 ,$0.00 ,$1.00 ,$0.05 ,jVsp2c0bFCYY4RJ99XViZc7eV,isT3EShJLKTuXgbxKPdyOxMF,,,Payment,Authentic by Zee,,,,ea,1
10/26/2020,17:00:33,Eastern Time (US & Canada),None,Custom Amount,1,,,,$2.00 ,$0.00 ,$2.00 ,$0.10 ,nj6nL2jwu0ggI8J2jMLXOu5eV,3iVvaylPIEzzk3PmJHB3wtMF,,,Payment,Authentic by Zee,,DT9FS9FDAX08B5J6660J7X1BE4,,ea,1
10/26/2020,16:22:52,Eastern Time (US & Canada),None,Custom Amount,1,,,,$18.00 ,$0.00 ,$18.00 ,$0.90 ,vtdhAYa6PlqIFC6fbvuYfs3eV,CBDvM9myQl1LV6yOYv4OqvMF,,,Payment,Authentic by Zee,,ZDYEP7DP49437B7ZGVM375BKP4,,ea,1
10/26/2020,14:50:18,Eastern Time (US & Canada),None,Custom Amount,1,,,,$8.00 ,$0.00 ,$8.00 ,$0.40 ,b12nVbMZISVxTAi6Fi7tYq4eV,xG8RmQPacKEkLb687EphltMF,,,Payment,Authentic by Zee,,DT9FS9FDAX08B5J6660J7X1BE4,,ea,1
10/26/2020,13:45:38,Eastern Time (US & Canada),None,Custom Amount,1,,,,$3.00 ,$0.00 ,$3.00 ,$0.15 ,1ArAyKli27Frcjh48iVyJCreV,qd52uUvRdEky2ELOcqulptMF,,,Payment,Authentic by Zee,,06B4MGGFPH02Q7S7ED81ZTHFEG,,ea,1
10/26/2020,13:21:15,Eastern Time (US & Canada),None,Custom Amount,1,,,,$12.00 ,$0.00 ,$12.00 ,$0.60 ,pwYdiNzb8vGYzoJI7CsTsXpeV,9R4FDVfaunIXSGNvnADB0zMF,,,Payment,Authentic by Zee,,06B4MGGFPH02Q7S7ED81ZTHFEG,,ea,1
10/26/2020,12:16:41,Eastern Time (US & Canada),None,Custom Amount,1,,,,$6.00 ,$0.00 ,$6.00 ,$0.30 ,VM7znq4Xow7eBfktkH6d5VieV,5nntPbZ1MXtgwDBrM6hz3uMF,,,Payment,Authentic by Zee,,6ZCYG2QHBS6DHEW7Q82A8KHVHR,,ea,1
10/26/2020,11:24:43,Eastern Time (US & Canada),None,Custom Amount,1,,,,$11.00 ,$0.00 ,$11.00 ,$0.55 ,XFNQQ8KCpcnlsYnfvxlDmAqeV,vn1ErQwyRjAkcpt89q2eotMF,,,Payment,Authentic by Zee,,JCGVTT9YH165708CH4XFMZJ7C0,,ea,1
10/25/2020,19:48:21,Eastern Time (US & Canada),None,Custom Amount,1,,,,$12.00 ,$0.00 ,$12.00 ,$0.60 ,7X10sUvQ6lh0ndKfe8EtpipeV,Zw6Iap22XYhGAVDLHBt7rtMF,,,Payment,Authentic by Zee,,JFGT6PTXQD7432NDHT0B2D39N0,,ea,1
10/25/2020,18:55:14,Eastern Time (US & Canada),None,Custom Amount,1,,,,$10.00 ,$0.00 ,$10.00 ,$0.50 ,Z2hYZ8oe9NypqkHzXBjSyH2eV,JTWnnwHN0NtFr7EFX5QbWtMF,,,Payment,Authentic by Zee,,2S96TSMEMN2NZ8RD5VXKHA5A4R,,ea,1
10/25/2020,17:49:16,Eastern Time (US & Canada),None,Custom Amount,1,,,,$8.00 ,$0.00 ,$8.00 ,$0.40 ,V0Ldti8P43X0yrzDQjccuNAfV,vpZ0ZHBxS3HglP7N5QRRGvMF,,,Payment,Authentic by Zee,,9T9XRP1YM539K3GTFJK7NNSV5W,,ea,1
10/12/2020,14:00:50,Eastern Time (US & Canada),None,Custom Amount,1,,,,$8.00 ,$0.00 ,$8.00 ,$0.40 ,TTb1FWc0eE3yl696hNvmcezeV,hGOPZ1WdEHrrvc2zi8UxAuMF,,,Payment,Authentic by Zee,,,,ea,1
10/11/2020,13:27:22,Eastern Time (US & Canada),None,Custom Amount,1,,,,$20.00 ,$0.00 ,$20.00 ,$1.00 ,t0tvmrA2a6ZCgEJcGNSkdrreV,FY9RVbvLexcJFlatNUBwEyMF,,,Payment,Authentic by Zee,,9V25JM70DN32X5P33GHTS2ADJW,,ea,1
10/10/2020,13:46:58,Eastern Time (US & Canada),None,Custom Amount,1,,,,$10.00 ,$0.00 ,$10.00 ,$0.50 ,NYbRGBmDkRs9hvfmGkcfR7ueV,6SYtMJChuyYhToeP77oH5tMF,,,Payment,Authentic by Zee,,VKGG8ST2RX533C1GHX0T3YHN1C,,ea,1
10/10/2020,13:43:41,Eastern Time (US & Canada),None,Custom Amount,1,,,,$10.00 ,$0.00 ,$10.00 ,$0.50 ,TTjPsIeCj7OTZ8pqSQ20aFgeV,zxN0a47W4IMbZBxsi10TiuMF,,,Payment,Authentic by Zee,,9V25JM70DN32X5P33GHTS2ADJW,,ea,1
9/7/2020,14:58:13,Eastern Time (US & Canada),None,Custom Amount,1,,,,$15.00 ,$0.00 ,$15.00 ,$0.75 ,FE9ugwcp2zS8NQk5oo1g3KveV,Qz3ETDwrVP7FSlm0Kgk63wMF,,,Payment,Authentic by Zee,,GPKW7YXQSD7WSB6CJSDTJKD9XM,,ea,1
9/5/2020,15:42:46,Eastern Time (US & Canada),None,Custom Amount,1,,,,$12.00 ,$0.00 ,$12.00 ,$0.60 ,P1xlQY4FaxiiCZAbjFxYGM1eV,VOhj3oDibC2jOXMRdaLRDuMF,,,Payment,Authentic by Zee,,GPKW7YXQSD7WSB6CJSDTJKD9XM,,ea,1
9/4/2020,13:57:36,Eastern Time (US & Canada),None,Custom Amount,1,,,,$10.00 ,$0.00 ,$10.00 ,$0.50 ,vdLUsK7wYwLN3JKZxM4jzyxeV,UbmB6xiSpDi3y6dUq5Df4xMF,,,Payment,Authentic by Zee,,GPKW7YXQSD7WSB6CJSDTJKD9XM,,ea,1
8/10/2020,20:59:10,Eastern Time (US & Canada),None,Custom Amount,1,,,,$6.00 ,$0.00 ,$6.00 ,$0.30 ,XDYIlkBMhpRAqnnCqvRE7vneV,RkyUB4kkNeNHlN5TUi6CpuMF,,,Payment,Authentic by Zee,,,,ea,1
8/10/2020,20:45:01,Eastern Time (US & Canada),None,Custom Amount,1,,,,$7.00 ,$0.00 ,$7.00 ,$0.35 ,FOC8jOAq7rsUnojlOFjYTMqeV,ozfMyJ0XFlNgJ8CXRpeTVvMF,,,Payment,Authentic by Zee,,,,ea,1
8/10/2020,20:34:04,Eastern Time (US & Canada),None,Custom Amount,1,,,,$15.00 ,$0.00 ,$15.00 ,$0.75 ,Tlq4XfSoefrwN6plC1pNrO6eV,IOdf8ZHqkIQ2FYfk34bquuMF,,,Payment,Authentic by Zee,,,,ea,1
8/10/2020,20:11:48,Eastern Time (US & Canada),None,Custom Amount,1,,,,$16.00 ,$0.00 ,$16.00 ,$0.80 ,zLlC8LbhhH2URv20XDYty9zeV,sfjbyTfdNqB4JNJdbWHc6sMF,,,Payment,Authentic by Zee,,H5JPKW0MH14YN3NT9902G9FCSC,,ea,1
8/10/2020,20:09:34,Eastern Time (US & Canada),None,Custom Amount,1,,,,$15.00 ,$0.00 ,$15.00 ,$0.75 ,7P5QAMdsHHsc61DykkgbnX8eV,QPaN8XPgXmlNW0GjFb2n6xMF,,,Payment,Authentic by Zee,,WPSJ5ZPR551Z3BAPJVWS7ZTH00,,ea,1
8/10/2020,19:57:21,Eastern Time (US & Canada),None,Custom Amount,1,,,,$10.00 ,$0.00 ,$10.00 ,$0.50 ,ZiJdlbAztguGoPlPtp9mDRqeV,TxtPxn1p5AUX7OZoIWK2IyMF,,,Payment,Authentic by Zee,,WPSJ5ZPR551Z3BAPJVWS7ZTH00,,ea,1
8/10/2020,19:57:21,Eastern Time (US & Canada),None,Custom Amount,1,,,,$1.00 ,$0.00 ,$1.00 ,$0.05 ,ZiJdlbAztguGoPlPtp9mDRqeV,TxtPxn1p5AUX7OZoIWK2IyMF,,,Payment,Authentic by Zee,,WPSJ5ZPR551Z3BAPJVWS7ZTH00,,ea,1
8/10/2020,19:43:54,Eastern Time (US & Canada),None,Custom Amount,1,,,,$8.00 ,$0.00 ,$8.00 ,$0.40 ,xkYb7bt6eLOyV4qukeZZSRueV,4glowXoIYEJtFjOkQTEd5wMF,,,Payment,Authentic by Zee,,A82FXZ5KWH6297TNNXCKNRD9D4,,ea,1
8/10/2020,19:25:09,Eastern Time (US & Canada),None,Custom Amount,1,,,,$6.00 ,$0.00 ,$6.00 ,$0.30 ,t8nEB8XpCuuGKB1v9A2Wal6eV,CwQ7XSWvyForpz5yg1KU7sMF,,,Payment,Authentic by Zee,,,,ea,1
8/4/2020,16:36:58,Eastern Time (US & Canada),None,Custom Amount,1,,,,$10.00 ,$0.00 ,$10.00 ,$0.50 ,tMrS1K3u7fCPvBSvUmKqmu5eV,PMnxm9auICW6x73tDqcNwuMF,,,Payment,Authentic by Zee,,R2QRGSS6W9092MWCJ9VW5CMNY4,,ea,1
8/4/2020,16:35:54,Eastern Time (US & Canada),None,Custom Amount,1,,,,$10.00 ,$0.00 ,$10.00 ,$0.50 ,77Nfyn4WlEfsoHofs3UA4X7eV,LNOM35vYT2UQwb7rMEGDRwMF,,,Payment,Authentic by Zee,,V9Y34DM8291A4KMFWK1DYQ2S4G,,ea,1
8/3/2020,17:12:32,Eastern Time (US & Canada),None,Custom Amount,1,,,,$2.00 ,$0.00 ,$2.00 ,$0.10 ,Jgae8Us1h9BUYgyoTi8cZ27eV,OEbiOLNOFoQugZu4sC1sqsMF,,,Payment,Authentic by Zee,,V9Y34DM8291A4KMFWK1DYQ2S4G,,ea,1
8/3/2020,16:49:17,Eastern Time (US & Canada),Dessert,'Nana Pudding,4,Regular,,,$12.00 ,$0.00 ,$12.00 ,$1.50 ,zDvlaxKN80XN6GlZsRP22opeV,1WTI0tgYu5NmYpt2a8zm1xMF,,,Payment,Authentic by Zee,,R2QRGSS6W9092MWCJ9VW5CMNY4,,ea,4
8/3/2020,16:48:20,Eastern Time (US & Canada),None,Custom Amount,1,,,,$9.00 ,$0.00 ,$9.00 ,$0.45 ,75sBFebM9kXWouWvahl4fwueV,0p1DBTaYRCqLubZKFcsUBzMF,,,Payment,Authentic by Zee,,HMKKCZ31BN6F0RS6Z22MY2HKSW,,ea,1
8/3/2020,16:05:18,Eastern Time (US & Canada),None,Custom Amount,1,,,,$10.00 ,$0.00 ,$10.00 ,$0.50 ,PZp6VGugMtBhN2cJgqduc2veV,yf960PS7KjkVUnqpH90AZsMF,,,Payment,Authentic by Zee,,4RKE3GN5Z50BGHX7J94XJS2TSC,,ea,1
8/3/2020,15:18:29,Eastern Time (US & Canada),None,Custom Amount,1,,,,$10.00 ,$0.00 ,$10.00 ,$0.50 ,vXkABbCJDZLrC89t1LLqlmueV,0IjXhYyZ3ZcpTi71qtZonxMF,,,Payment,Authentic by Zee,,A2QPWFN39D6BYP7B5VB40TBHX0,,ea,1
8/3/2020,14:22:17,Eastern Time (US & Canada),None,Custom Amount,1,,,,$10.00 ,$0.00 ,$10.00 ,$0.50 ,nfeCB9E5LSxoubV5cihcflreV,1d6LcUVMJbyikek8JdND6yMF,,,Payment,Authentic by Zee,,VASQ3G8CC11EGKEQCMDF9YE1VR,,ea,1
7/20/2020,9:54:17,Eastern Time (US & Canada),None,Custom Amount,1,,,,$7.00 ,$0.00 ,$7.00 ,$0.35 ,7NQsiBl9dG3G4PEURSbq6dfeV,X9YlPgl6ioGxvih6p7qOLtMF,,,Payment,Authentic by Zee,,EHVGT9KHTN15EXB64X2J9VC568,,ea,1
7/19/2020,12:50:04,Eastern Time (US & Canada),Beef,Oxtail,1,Regular,,,$14.00 ,$0.00 ,$14.00 ,$1.75 ,zHr8dK1ppkMcQsDG9eSRtsweV,dViI5xTToqL7NrNDzhHpKxMF,,,Payment,Authentic by Zee,,3D9S2PT3H92CMVRVVG3CRRC1VR,,ea,1
7/19/2020,12:50:04,Eastern Time (US & Canada),None,Custom Amount,1,,,,$10.00 ,$0.00 ,$10.00 ,$0.50 ,zHr8dK1ppkMcQsDG9eSRtsweV,dViI5xTToqL7NrNDzhHpKxMF,,,Payment,Authentic by Zee,,3D9S2PT3H92CMVRVVG3CRRC1VR,,ea,1
7/18/2020,10:08:58,Eastern Time (US & Canada),Beef,4 item Hot Bar,1,Regular,,,$190.00 ,$0.00 ,$190.00 ,$23.75 ,n38nBo1vBMBxlAles0blzNjeV,"iJSJVyVPYQBb5vfZa1DncvMF, TAKYYJXR9qUiQlNAZX2VjuMF",,"Scrambled eggs
Turkey Bacon
Vegan Bacon
Fresh Fruit",Payment,Authentic by Zee,,"BY1NM9FSHS08WPYZWNG2GCW6RG, R7PMCYT2DX4RCWCWA851YHHH5W",", ",ea,1
7/18/2020,10:08:58,Eastern Time (US & Canada),None,6 item Hot bar,1,Wings and Leg Quarters  Feeds 20-25,,,$255.00 ,$0.00 ,$255.00 ,$31.88 ,n38nBo1vBMBxlAles0blzNjeV,"iJSJVyVPYQBb5vfZa1DncvMF, TAKYYJXR9qUiQlNAZX2VjuMF",,"Grilled Chicken
Thai chilli Wings
Curry Tofu
Veggie Patties
Rice & Peas
Callaloo",Payment,Authentic by Zee,,"BY1NM9FSHS08WPYZWNG2GCW6RG, R7PMCYT2DX4RCWCWA851YHHH5W",", ",ea,1
7/18/2020,10:08:58,Eastern Time (US & Canada),None,Chocolate Covered Strawberries,1,,,,$0.00 ,$0.00 ,$0.00 ,$0.00 ,n38nBo1vBMBxlAles0blzNjeV,"iJSJVyVPYQBb5vfZa1DncvMF, TAKYYJXR9qUiQlNAZX2VjuMF",,,Payment,Authentic by Zee,,"BY1NM9FSHS08WPYZWNG2GCW6RG, R7PMCYT2DX4RCWCWA851YHHH5W",", ",ea,1
7/18/2020,10:08:58,Eastern Time (US & Canada),None,Coffee and Tea,1,,,,$20.00 ,$0.00 ,$20.00 ,$1.00 ,n38nBo1vBMBxlAles0blzNjeV,"iJSJVyVPYQBb5vfZa1DncvMF, TAKYYJXR9qUiQlNAZX2VjuMF",,,Payment,Authentic by Zee,,"BY1NM9FSHS08WPYZWNG2GCW6RG, R7PMCYT2DX4RCWCWA851YHHH5W",", ",ea,1
7/18/2020,10:08:58,Eastern Time (US & Canada),None,Set-up Kit,1,Regular,,,$75.00 ,$0.00 ,$75.00 ,$0.00 ,n38nBo1vBMBxlAles0blzNjeV,"iJSJVyVPYQBb5vfZa1DncvMF, TAKYYJXR9qUiQlNAZX2VjuMF",,Drink- Mango Punch,Payment,Authentic by Zee,,"BY1NM9FSHS08WPYZWNG2GCW6RG, R7PMCYT2DX4RCWCWA851YHHH5W",", ",ea,1
7/18/2020,10:08:58,Eastern Time (US & Canada),None,Strawberrie Cut Pudding,1,Whole Pan,,,$42.00 ,$0.00 ,$42.00 ,$0.00 ,n38nBo1vBMBxlAles0blzNjeV,"iJSJVyVPYQBb5vfZa1DncvMF, TAKYYJXR9qUiQlNAZX2VjuMF",,"Vanilla Cookies, fresh Strawberries, Cool whip and a decadent lovely airy pudding.",Payment,Authentic by Zee,,"BY1NM9FSHS08WPYZWNG2GCW6RG, R7PMCYT2DX4RCWCWA851YHHH5W",", ",ea,1
7/18/2020,10:08:58,Eastern Time (US & Canada),Services,Travel,1,Regular,,,$50.00 ,$0.00 ,$50.00 ,$0.00 ,n38nBo1vBMBxlAles0blzNjeV,"iJSJVyVPYQBb5vfZa1DncvMF, TAKYYJXR9qUiQlNAZX2VjuMF",,Traveling 50 miles outside of Statesville,Payment,Authentic by Zee,,"BY1NM9FSHS08WPYZWNG2GCW6RG, R7PMCYT2DX4RCWCWA851YHHH5W",", ",ea,1
7/13/2020,14:15:49,Eastern Time (US & Canada),Chicken,Wings,2,Regular,,,$11.50 ,$0.00 ,$11.50 ,$1.43 ,DpaNdw7JxjRypcMG5wuAc30eV,pFFLQKGORirgR1NUv9WQutMF,,,Payment,Authentic by Zee,,ZGQGMZ090543MK525WAGCAZBBR,,ea,2
7/13/2020,14:15:49,Eastern Time (US & Canada),None,Custom Amount,1,,,,$10.00 ,$0.00 ,$10.00 ,$0.50 ,DpaNdw7JxjRypcMG5wuAc30eV,pFFLQKGORirgR1NUv9WQutMF,,,Payment,Authentic by Zee,,ZGQGMZ090543MK525WAGCAZBBR,,ea,1
7/13/2020,14:15:49,Eastern Time (US & Canada),None,Custom Amount,1,,,,$1.00 ,$0.00 ,$1.00 ,$0.05 ,DpaNdw7JxjRypcMG5wuAc30eV,pFFLQKGORirgR1NUv9WQutMF,,,Payment,Authentic by Zee,,ZGQGMZ090543MK525WAGCAZBBR,,ea,1
6/23/2020,18:22:08,Eastern Time (US & Canada),None,Custom Amount,1,,,,$1.00 ,$0.00 ,$1.00 ,$0.05 ,L396sYfKyB3NsYpQFeHjzs7eV,fmGpkWAFiGClgUC1ZL1yTvMF,,,Payment,Authentic by Zee,,Q6A4NKMGC53Q0GQK370VRKXJV4,,ea,1
6/23/2020,18:21:11,Eastern Time (US & Canada),None,Custom Amount,1,,,,$2.00 ,$0.00 ,$2.00 ,$0.10 ,l856qtZmxMlUnTcyAuExew6eV,txERIZTDjB0TtQVy7dPLvwMF,,,Payment,Authentic by Zee,,Q6A4NKMGC53Q0GQK370VRKXJV4,,ea,1
6/23/2020,18:11:11,Eastern Time (US & Canada),None,Custom Amount,1,,,,$8.00 ,$0.00 ,$8.00 ,$0.40 ,l4hTwpa86FNegWU9oF1Vf16eV,yNiupizTsQKbdrCgJPL20xMF,,,Payment,Authentic by Zee,,9ZE1V9ANQX4C8SAAJR7CBE67D0,,ea,1
6/23/2020,18:10:32,Eastern Time (US & Canada),None,Custom Amount,1,,,,$2.00 ,$0.00 ,$2.00 ,$0.10 ,BYc8ui4EfzfAn249F2pJDgueV,wEjRkcZ2LtplM2exBAv9mxMF,,,Payment,Authentic by Zee,,V0XJ9HBQ9S726X7YHM1H8DA540,,ea,1
6/23/2020,18:02:17,Eastern Time (US & Canada),None,Custom Amount,1,,,,$6.00 ,$0.00 ,$6.00 ,$0.30 ,vDkNzquFX7y2GcQSlQ4iXOneV,541jL5g6eiNvnRgD7JH66vMF,,,Payment,Authentic by Zee,,W69YQ23R8D450J8QES67KZ9Z30,,ea,1
6/23/2020,17:56:36,Eastern Time (US & Canada),None,Custom Amount,1,,,,$3.00 ,$0.00 ,$3.00 ,$0.15 ,VsrVCH8sT1umDCd5pvQ6o9eeV,GG7wszFZnpSlljygUEDJkyMF,,,Payment,Authentic by Zee,,023TM1HCCS72MKFNQNHNBG2D1C,,ea,1
6/19/2020,15:42:10,Eastern Time (US & Canada),Beef,Oxtail,2,Regular,,,$28.00 ,$0.00 ,$28.00 ,$3.50 ,f5XtQNna7QFVWWFDmuptbR9eV,ctd0m6q4cpvBOf9DPQ1p4xMF,,,Payment,Authentic by Zee,,845VGZJJ2S53CJM6J5JT5TX40R,,ea,2
6/14/2020,7:15:36,Eastern Time (US & Canada),None,Bun and Cheese,1,20-26,,,$45.00 ,($10.32),$34.68 ,$4.33 ,rbNtgoWWh4ZRpt2XNasf9ZseV,XhGYtDIBdPkly801ZgT6IxMF,,This will be for 25-30 for pricing mitigation lowered count.,Payment,Authentic by Zee,,4JGSAXQC790AV436C96C04X484,,ea,1
6/14/2020,7:15:36,Eastern Time (US & Canada),None,Caprise Salad,1,Regular,,,$35.00 ,($8.02),$26.98 ,$3.37 ,rbNtgoWWh4ZRpt2XNasf9ZseV,XhGYtDIBdPkly801ZgT6IxMF,,"Mozzerella cheese ball, with a cherry tomato and basil leaf, tossed in Balsamic vinergarette",Payment,Authentic by Zee,,4JGSAXQC790AV436C96C04X484,,ea,1
6/14/2020,7:15:36,Eastern Time (US & Canada),Dessert,Chocolate Covered Strawberries,1,2 Dozen,,,$32.00 ,($7.34),$24.66 ,$3.08 ,rbNtgoWWh4ZRpt2XNasf9ZseV,XhGYtDIBdPkly801ZgT6IxMF,,"Fresh picked Strawberries, dipped in pure milk chololate and white chocolate",Payment,Authentic by Zee,,4JGSAXQC790AV436C96C04X484,,ea,1
6/14/2020,7:15:36,Eastern Time (US & Canada),None,Custom Breakfast Buffet,1,19-25 Inndividuals,,,$280.00 ,($64.19),$215.81 ,$16.19 ,rbNtgoWWh4ZRpt2XNasf9ZseV,XhGYtDIBdPkly801ZgT6IxMF,,"Made to order Omelets
Scrambled eggs
Sausage Pattie and Bacon
Tofu
Biscuits
Cheese Grits
**Fruit (will be added to refreshment package**",Payment,Authentic by Zee,,4JGSAXQC790AV436C96C04X484,,ea,1
6/14/2020,7:15:36,Eastern Time (US & Canada),Chicken,Pan Grilled Wings,1,Regular,,,$130.00 ,($29.80),$100.20 ,$0.00 ,rbNtgoWWh4ZRpt2XNasf9ZseV,XhGYtDIBdPkly801ZgT6IxMF,,"Half Jerk, Half BBQ",Payment,Authentic by Zee,,4JGSAXQC790AV436C96C04X484,,ea,1
6/14/2020,7:15:36,Eastern Time (US & Canada),None,Patties (Beef),1,Case,,,$45.00 ,($10.31),$34.69 ,$4.34 ,rbNtgoWWh4ZRpt2XNasf9ZseV,XhGYtDIBdPkly801ZgT6IxMF,,"Similar to an empanada, a baked hot pocket filled with ground beef.",Payment,Authentic by Zee,,4JGSAXQC790AV436C96C04X484,,ea,1
6/14/2020,7:15:36,Eastern Time (US & Canada),Drinks,Refreshment Package,1,Regular,,,$20.00 ,($4.59),$15.41 ,$0.00 ,rbNtgoWWh4ZRpt2XNasf9ZseV,XhGYtDIBdPkly801ZgT6IxMF,,"Breakfast:
-Juice
-Water
-Coffee
Brunch
-Water
-Sweet Tea/ Jamaican tea",Payment,Authentic by Zee,,4JGSAXQC790AV436C96C04X484,,ea,1
6/14/2020,7:15:36,Eastern Time (US & Canada),None,Set up Fee,1,Regular,,,$50.00 ,($11.46),$38.54 ,$4.82 ,rbNtgoWWh4ZRpt2XNasf9ZseV,XhGYtDIBdPkly801ZgT6IxMF,,"Set-Up, Serve, Plates and Utensils.
Custom made omelets.",Payment,Authentic by Zee,,4JGSAXQC790AV436C96C04X484,,ea,1
5/29/2020,14:21:18,Eastern Time (US & Canada),None,Custom Amount,1,,,,$10.00 ,$0.00 ,$10.00 ,$0.50 ,nFnBnz63RVn8DjcDE4Qw075eV,UzcxKmBAye1tg0ekqrQcnvMF,,,Payment,Authentic by Zee,,P63NP9R08X0FTHGRXGDT4JTPA4,,ea,1
5/29/2020,14:21:18,Eastern Time (US & Canada),None,Custom Amount,1,,,,$10.00 ,$0.00 ,$10.00 ,$0.50 ,nFnBnz63RVn8DjcDE4Qw075eV,UzcxKmBAye1tg0ekqrQcnvMF,,,Payment,Authentic by Zee,,P63NP9R08X0FTHGRXGDT4JTPA4,,ea,1
5/29/2020,14:21:18,Eastern Time (US & Canada),None,Custom Amount,1,,,,$10.00 ,$0.00 ,$10.00 ,$0.50 ,nFnBnz63RVn8DjcDE4Qw075eV,UzcxKmBAye1tg0ekqrQcnvMF,,,Payment,Authentic by Zee,,P63NP9R08X0FTHGRXGDT4JTPA4,,ea,1
5/29/2020,14:21:18,Eastern Time (US & Canada),None,Custom Amount,1,,,,$2.00 ,$0.00 ,$2.00 ,$0.10 ,nFnBnz63RVn8DjcDE4Qw075eV,UzcxKmBAye1tg0ekqrQcnvMF,,,Payment,Authentic by Zee,,P63NP9R08X0FTHGRXGDT4JTPA4,,ea,1
5/22/2020,19:45:04,Eastern Time (US & Canada),Fish,Ackee & Saltfish,10,Regular,,,$150.00 ,($7.50),$142.50 ,$17.81 ,5WB6s8MWUsDjbIoHIDJ3goseV,"xcC23e8QE4qAhcW7OgjYRtMF, GBx8S3X2ZkREYioIHQAnQyMF",,"Served with Pan of Rice, Callaloo, and Fry dumpling.",Payment,Authentic by Zee,,"XNMDRQPM1S328G2JXMGNYCR9B0, XNMDRQPM1S328G2JXMGNYCR9B0",", ",ea,10
5/22/2020,19:45:04,Eastern Time (US & Canada),None,Pineapple Stuffed Chicken Breast,10,Regular,,,$120.00 ,($6.00),$114.00 ,$14.25 ,5WB6s8MWUsDjbIoHIDJ3goseV,"xcC23e8QE4qAhcW7OgjYRtMF, GBx8S3X2ZkREYioIHQAnQyMF",,Half Pan of Steamed Cabbage,Payment,Authentic by Zee,,"XNMDRQPM1S328G2JXMGNYCR9B0, XNMDRQPM1S328G2JXMGNYCR9B0",", ",ea,10
5/22/2020,19:45:04,Eastern Time (US & Canada),Drinks,Rum Punch,2,Gallon,,,$60.00 ,($3.00),$57.00 ,$7.12 ,5WB6s8MWUsDjbIoHIDJ3goseV,"xcC23e8QE4qAhcW7OgjYRtMF, GBx8S3X2ZkREYioIHQAnQyMF",,2 Gallons of Rum Punch to serve 20 people.,Payment,Authentic by Zee,,"XNMDRQPM1S328G2JXMGNYCR9B0, XNMDRQPM1S328G2JXMGNYCR9B0",", ",ea,2
5/22/2020,19:45:04,Eastern Time (US & Canada),None,Red Stripe,1,,,,$44.00 ,($2.20),$41.80 ,$2.09 ,5WB6s8MWUsDjbIoHIDJ3goseV,"xcC23e8QE4qAhcW7OgjYRtMF, GBx8S3X2ZkREYioIHQAnQyMF",,,Payment,Authentic by Zee,,"XNMDRQPM1S328G2JXMGNYCR9B0, XNMDRQPM1S328G2JXMGNYCR9B0",", ",ea,1
5/22/2020,14:40:25,Eastern Time (US & Canada),None,Custom Amount,1,,,,$56.00 ,$0.00 ,$56.00 ,$2.80 ,fHoaQjtHGp4nOELiwM2zTqjeV,J1OI0PlcF83MuqfoJ68pswMF,,,Payment,Authentic by Zee,,T0PWDMBDHD526W31TCFMBVFF9C,,ea,1
5/16/2020,13:32:04,Eastern Time (US & Canada),None,Custom Amount,1,,,,$11.00 ,$0.00 ,$11.00 ,$0.55 ,JM2jjJtMYaikFcC63aAXIafeV,rOrZknJA1oteUDAciod9nwMF,,,Payment,Authentic by Zee,,P63NP9R08X0FTHGRXGDT4JTPA4,,ea,1
5/16/2020,13:32:04,Eastern Time (US & Canada),None,Custom Amount,1,,,,$10.00 ,$0.00 ,$10.00 ,$0.50 ,JM2jjJtMYaikFcC63aAXIafeV,rOrZknJA1oteUDAciod9nwMF,,,Payment,Authentic by Zee,,P63NP9R08X0FTHGRXGDT4JTPA4,,ea,1
5/16/2020,13:32:04,Eastern Time (US & Canada),None,Custom Amount,1,,,,$10.00 ,$0.00 ,$10.00 ,$0.50 ,JM2jjJtMYaikFcC63aAXIafeV,rOrZknJA1oteUDAciod9nwMF,,,Payment,Authentic by Zee,,P63NP9R08X0FTHGRXGDT4JTPA4,,ea,1
5/8/2020,1:17:27,Eastern Time (US & Canada),Beef,4 item Hot Bar,1,Regular,,,$190.00 ,$0.00 ,$190.00 ,$23.75 ,pEeZjibrvEMGFDUIYrDbR84eV,LBcTGKBtSsXIB35FZJpaKQB,,"Any 2 meat items chicken or beef, and 2 side items.",Payment,Authentic by Zee,,GPM63RFE950G8V5P0FVAJ24C60,,ea,1
4/19/2020,22:43:11,Eastern Time (US & Canada),Vegetarian,Salad Bar,1,Regular,,,$120.00 ,$0.00 ,$120.00 ,$15.00 ,l8BoBinUE0OGmFWpLw1FV23eV,wQwZhAgqMSfN7UUMDUiUusMF,,"Fresh Spring Mix and Lettuce
Cheese
Bacon Bits
Croutons
Tomatoes
Bell Peppers
Jalapenos
Onions
Dressings include:
Ranch 
Honey Mustard
Balsamic Vinegarette
Blue Cheese",Payment,Authentic by Zee,,XNMDRQPM1S328G2JXMGNYCR9B0,,ea,1
4/19/2020,22:43:11,Eastern Time (US & Canada),Beef,Warm Buffet,1,Regular,,,$120.00 ,$0.00 ,$120.00 ,$15.00 ,l8BoBinUE0OGmFWpLw1FV23eV,wQwZhAgqMSfN7UUMDUiUusMF,,"Chicken Fajitas, Salad Bar",Payment,Authentic by Zee,,XNMDRQPM1S328G2JXMGNYCR9B0,,ea,1
4/19/2020,22:43:11,Eastern Time (US & Canada),None,Build your own Sub,1,,,,$75.00 ,$0.00 ,$75.00 ,$3.75 ,l8BoBinUE0OGmFWpLw1FV23eV,wQwZhAgqMSfN7UUMDUiUusMF,,,Payment,Authentic by Zee,,XNMDRQPM1S328G2JXMGNYCR9B0,,ea,1
4/19/2020,22:43:11,Eastern Time (US & Canada),Vegetarian,Salad Bar,1,Regular,,,$120.00 ,$0.00 ,$120.00 ,$15.00 ,l8BoBinUE0OGmFWpLw1FV23eV,wQwZhAgqMSfN7UUMDUiUusMF,,"Fresh Spring Mix and Lettuce
Cheese
Bacon Bits
Croutons
Tomatoes
Bell Peppers
Jalapenos
Onions
Dressings include:
Ranch 
Honey Mustard
Balsamic Vinegarette
Blue Cheese",Payment,Authentic by Zee,,XNMDRQPM1S328G2JXMGNYCR9B0,,ea,1
3/14/2020,16:32:10,Eastern Time (US & Canada),Vegetarian,Salad Bar,1,Regular,,,$120.00 ,$0.00 ,$120.00 ,$15.00 ,t4dwLBhJggHvh3SQued6lDteV,tiP8CMowMkIj6fvdsKTg8yMF,,"Fresh Spring Mix and Lettuce
Cheese
Bacon Bits
Croutons
Tomatoes
Bell Peppers
Jalapenos
Onions
Dressings include:
Ranch 
Honey Mustard
Balsamic Vinegarette
Blue Cheese",Payment,Authentic by Zee,,PCWW6F9CT51HAGXNM8Q66JF0V0,,ea,1
3/14/2020,16:32:10,Eastern Time (US & Canada),None,Custom Amount,1,,,,$10.00 ,$0.00 ,$10.00 ,$0.50 ,t4dwLBhJggHvh3SQued6lDteV,tiP8CMowMkIj6fvdsKTg8yMF,,,Payment,Authentic by Zee,,PCWW6F9CT51HAGXNM8Q66JF0V0,,ea,1
3/13/2020,12:57:36,Eastern Time (US & Canada),Drinks,Refreshment Package,1,Regular,,,$20.00 ,$0.00 ,$20.00 ,$2.50 ,h6peYZLoYO47wbXdieHkHL1eV,5544fFXgG5BAxS6fbcRqYtMF,,Drinks and snacks for any meeting. Serves 10-12 people.,Payment,Authentic by Zee,,PCWW6F9CT51HAGXNM8Q66JF0V0,,ea,1
3/13/2020,12:57:36,Eastern Time (US & Canada),Vegetarian,Salad Bar,1,Regular,,,$120.00 ,$0.00 ,$120.00 ,$15.00 ,h6peYZLoYO47wbXdieHkHL1eV,5544fFXgG5BAxS6fbcRqYtMF,,"Fresh Spring Mix and Lettuce
Cheese
Bacon Bits
Croutons
Tomatoes
Bell Peppers
Jalapenos
Onions
Dressings include:
Ranch 
Honey Mustard
Balsamic Vinegarette
Blue Cheese",Payment,Authentic by Zee,,PCWW6F9CT51HAGXNM8Q66JF0V0,,ea,1
3/13/2020,12:57:36,Eastern Time (US & Canada),Chicken,Chicken Fajitas,4,Regular,,,$30.00 ,$0.00 ,$30.00 ,$3.75 ,h6peYZLoYO47wbXdieHkHL1eV,5544fFXgG5BAxS6fbcRqYtMF,,"Chicken Breast grilled and cut up served on a flour tortilla, with seared bell peppers and onions with just the right amount of Cheesy goodness !",Payment,Authentic by Zee,,PCWW6F9CT51HAGXNM8Q66JF0V0,,ea,4
3/13/2020,12:57:36,Eastern Time (US & Canada),None,Custom Amount,1,,,,$25.00 ,$0.00 ,$25.00 ,$1.25 ,h6peYZLoYO47wbXdieHkHL1eV,5544fFXgG5BAxS6fbcRqYtMF,,,Payment,Authentic by Zee,,PCWW6F9CT51HAGXNM8Q66JF0V0,,ea,1
3/12/2020,12:53:39,Eastern Time (US & Canada),Vegetarian,Salad Bar,1,Regular,,,$120.00 ,$0.00 ,$120.00 ,$15.00 ,rLZN7QkljMGqGuQWkrFnnikeV,n4sogfaHEdOcmwR3eesdZuMF,,"Fresh Spring Mix and Lettuce
Cheese
Bacon Bits
Croutons
Tomatoes
Bell Peppers
Jalapenos
Onions
Dressings include:
Ranch 
Honey Mustard
Balsamic Vinegarette
Blue Cheese",Payment,Authentic by Zee,,PCWW6F9CT51HAGXNM8Q66JF0V0,,ea,1
3/12/2020,12:53:39,Eastern Time (US & Canada),Drinks,Refreshment Package,1,Regular,,,$20.00 ,$0.00 ,$20.00 ,$2.50 ,rLZN7QkljMGqGuQWkrFnnikeV,n4sogfaHEdOcmwR3eesdZuMF,,Drinks and snacks for any meeting. Serves 10-12 people.,Payment,Authentic by Zee,,PCWW6F9CT51HAGXNM8Q66JF0V0,,ea,1
3/7/2020,12:19:07,Eastern Time (US & Canada),Chicken,4 Item Warm Bar,1,14-Oct,,,$150.00 ,$0.00 ,$150.00 ,$18.75 ,PNr4ktBwk29kf6kVCCo1Di1eV,WhWpJay5VlLTLwXuwP0wjzMF,,"This Combination would include 2 chicken meats of any flavor, and 2 side items.",Payment,Authentic by Zee,,3JE1AFZEBD2C2SJ4H7JWC99XBG,,ea,1
3/7/2020,12:19:07,Eastern Time (US & Canada),Drinks,Refreshment Package,1,Regular,,,$20.00 ,$0.00 ,$20.00 ,$2.50 ,PNr4ktBwk29kf6kVCCo1Di1eV,WhWpJay5VlLTLwXuwP0wjzMF,,Drinks and snacks for any meeting. Serves 10-12 people.,Payment,Authentic by Zee,,3JE1AFZEBD2C2SJ4H7JWC99XBG,,ea,1
2/22/2020,19:40:42,Eastern Time (US & Canada),None,Custom Amount,1,,,,$35.00 ,$0.00 ,$35.00 ,$1.75 ,HfSoPwOUJ5PLiiWkCIn890geV,TQZAru0ueCedqJoawWPpBwMF,,,Payment,Authentic by Zee,,XVBEPMNSX1100KZS12G27F3YKW,,ea,1
2/19/2020,13:28:23,Eastern Time (US & Canada),Vegetarian,Salad Bar,1,Regular,,,$120.00 ,$0.00 ,$120.00 ,$14.40 ,ZeB0KdTJE56nsYzy0NPlCi8eV,"hvvBdrlpvOiFxjFCw6RfqyMF, BWzE4o6qr1Nv62aoUbzAKQB",,"Fresh Spring Mix and Lettuce
Cheese
Bacon Bits
Croutons
Tomatoes
Bell Peppers
Jalapenos
Onions
Dressings include:
Ranch 
Honey Mustard
Balsamic Vinegarette
Blue Cheese",Payment,Authentic by Zee,,"EB0M1M5HES5FCR2ZWQJ4JA5Q78, Q8QMFVM6W92MDDYK8E4DNZRHVM",", 1551",ea,1
2/19/2020,13:28:23,Eastern Time (US & Canada),Sides,Baked Mac,1,1/2 Pan,,,$35.00 ,$0.00 ,$35.00 ,$4.20 ,ZeB0KdTJE56nsYzy0NPlCi8eV,"hvvBdrlpvOiFxjFCw6RfqyMF, BWzE4o6qr1Nv62aoUbzAKQB",,"Creamy Mac & Cheese mixed with ground beef, sauteed with onions and green and red bell peppers, seasoned to perfection an baked golden brown.",Payment,Authentic by Zee,,"EB0M1M5HES5FCR2ZWQJ4JA5Q78, Q8QMFVM6W92MDDYK8E4DNZRHVM",", 1551",ea,1
2/19/2020,13:27:32,Eastern Time (US & Canada),None,Custom Amount,1,,,,$115.75 ,$0.00 ,$115.75 ,$5.79 ,DtMp3WY53PWokp3ULUEwu4neV,H9mEXrVxQ12TdlqGQta5jsMF,,,Payment,Authentic by Zee,,EB0M1M5HES5FCR2ZWQJ4JA5Q78,,ea,1
2/15/2020,16:29:00,Eastern Time (US & Canada),Chicken,4 Item Warm Bar,1,15-20,,,$225.00 ,($11.25),$213.75 ,$25.65 ,xWRNuMFM8MekDQpLDJgfAdseV,"4gLsZUBkJ3wDi5Fd578iWxMF, TPh9fUpG5AZ8Bd8nHg4GKQB",,"Curry Chicken, Rice & Beans, Henny Wings, Mac & Cheese ",Payment,Authentic by Zee,,", TZ76GAK2XD7C57G7CMTMXB078G",", ",ea,1
2/11/2020,9:25:26,Eastern Time (US & Canada),Chicken,4 Item Warm Bar,1,14-Oct,,,$150.00 ,$0.00 ,$150.00 ,$18.00 ,bxMVCbZVpOJ8V6S1QKknJoveV,"KHAQI84elfuGtSr1lLyg0sMF, lMtL9FqCqlUN4MUzaOpbpwMF",,"Henny Wings-,  Blackened chicken Breast, Cornbread Casserole, Rice & Beans ",Payment,Authentic by Zee,,", 672SECEF3D47DDCCC455SZ1VHR",", ",ea,1
2/11/2020,9:25:26,Eastern Time (US & Canada),Dessert,Oreo Cheesecake Brownie,5,Regular,,,$15.00 ,$0.00 ,$15.00 ,$1.80 ,bxMVCbZVpOJ8V6S1QKknJoveV,"KHAQI84elfuGtSr1lLyg0sMF, lMtL9FqCqlUN4MUzaOpbpwMF",,Home made Cheesecake combined onto a chewy brownie baked to perfection and drizzled with White and Milk Chocolate,Payment,Authentic by Zee,,", 672SECEF3D47DDCCC455SZ1VHR",", ",ea,5
1/31/2020,13:55:12,Eastern Time (US & Canada),None,Custom Amount,1,,,,$120.00 ,$0.00 ,$120.00 ,$6.00 ,VoBxYYfByFpjChcHL6O163leV,4gLc8zwPcr7H5ic96pPoSsMF,,,Payment,Authentic by Zee,,EB0M1M5HES5FCR2ZWQJ4JA5Q78,,ea,1
1/31/2020,13:55:12,Eastern Time (US & Canada),Drinks,Refreshment Package,1,Regular,,,$20.00 ,$0.00 ,$20.00 ,$2.40 ,VoBxYYfByFpjChcHL6O163leV,4gLc8zwPcr7H5ic96pPoSsMF,,Drinks and snacks for any meeting. Serves 10-12 people.,Payment,Authentic by Zee,,EB0M1M5HES5FCR2ZWQJ4JA5Q78,,ea,1
1/30/2020,18:27:06,Eastern Time (US & Canada),None,Custom Amount,1,,,,$30.00 ,$0.00 ,$30.00 ,$1.50 ,7TnkjqPMEOOa6EXj7THBpXveV,IVe6aCHhKEcDwqAgRJ9truMF,,,Payment,Authentic by Zee,,SP0TN5QG0N0B4GFCRBGQAPCGPG,,ea,1
1/30/2020,18:27:06,Eastern Time (US & Canada),Chicken,Curry chicken,1,Regular,,,$6.50 ,$0.00 ,$6.50 ,$0.78 ,7TnkjqPMEOOa6EXj7THBpXveV,IVe6aCHhKEcDwqAgRJ9truMF,,"Single plates are served with 2 side items of you choice.
Pans are served for catering events, typically for parties of 10 or more.",Payment,Authentic by Zee,,SP0TN5QG0N0B4GFCRBGQAPCGPG,,ea,1
1/30/2020,14:11:07,Eastern Time (US & Canada),Beef,4 item Hot Bar,1,Regular,,,$190.00 ,$0.00 ,$190.00 ,$22.80 ,ticJfgcZG3nHT4CWZn5GoSmeV,XT8DCEWT2MzkFqYpS2OPsuMF,,"Any 2 meat items chicken or beef, and 2 side items.",Payment,Authentic by Zee,,EB0M1M5HES5FCR2ZWQJ4JA5Q78,,ea,1
1/30/2020,14:11:07,Eastern Time (US & Canada),Drinks,Refreshment Package,1,Drinks and Dessert,,,$40.00 ,($5.80),$34.20 ,$4.10 ,ticJfgcZG3nHT4CWZn5GoSmeV,XT8DCEWT2MzkFqYpS2OPsuMF,,Drinks and snacks for any meeting. Serves 10-12 people.,Payment,Authentic by Zee,,EB0M1M5HES5FCR2ZWQJ4JA5Q78,,ea,1
1/30/2020,14:11:07,Eastern Time (US & Canada),Chicken,Pan BBQ Chicken,1,Half Pan,,,$50.00 ,$0.00 ,$50.00 ,$6.00 ,ticJfgcZG3nHT4CWZn5GoSmeV,XT8DCEWT2MzkFqYpS2OPsuMF,,,Payment,Authentic by Zee,,EB0M1M5HES5FCR2ZWQJ4JA5Q78,,ea,1
1/29/2020,9:06:54,Eastern Time (US & Canada),Chicken,4 Item Warm Bar,1,15-20,,,$225.00 ,($11.25),$213.75 ,$25.65 ,P5VgdGZ7k5yl1VYNp91mRiheV,uojnzyduGZ1LhaIHk2ww6vMF,,"Pulled Pork
Curry Chicken
Cabbage
Rice & Beans
-Side Salad",Payment,Authentic by Zee,,672SECEF3D47DDCCC455SZ1VHR,,ea,1
1/29/2020,9:06:54,Eastern Time (US & Canada),Drinks,Refreshment Package,1,Drinks and Dessert,,,$40.00 ,($2.00),$38.00 ,$4.56 ,P5VgdGZ7k5yl1VYNp91mRiheV,uojnzyduGZ1LhaIHk2ww6vMF,,"Oreocheesecake Browmies
Cole Slaw
Chips",Payment,Authentic by Zee,,672SECEF3D47DDCCC455SZ1VHR,,ea,1
1/27/2020,10:10:16,Eastern Time (US & Canada),Chicken,Curry chicken,1,Half Pan,,,$45.00 ,($2.25),$42.75 ,$5.13 ,da6mU5lrAAxwgqH3qRadenweV,"OFnApXKaMgULJZB4NtmYTyMF, HbEmTrhv4MiT5ZOVPYSBLQB",,"Single plates are served with 2 side items of you choice.
Pans are served for catering events, typically for parties of 10 or more.",Payment,Authentic by Zee,,"H77G18J0Z52X6SZG3YNDXTWVK8, H77G18J0Z52X6SZG3YNDXTWVK8",", ",ea,1
1/27/2020,10:10:16,Eastern Time (US & Canada),None,Grilled Wings,1,Whole Pan,,,$110.00 ,($5.50),$104.50 ,$12.54 ,da6mU5lrAAxwgqH3qRadenweV,"OFnApXKaMgULJZB4NtmYTyMF, HbEmTrhv4MiT5ZOVPYSBLQB",,,Payment,Authentic by Zee,,"H77G18J0Z52X6SZG3YNDXTWVK8, H77G18J0Z52X6SZG3YNDXTWVK8",", ",ea,1
1/27/2020,10:10:16,Eastern Time (US & Canada),None,Whole Pan Veggie White Rice,1,Regular,,,$60.00 ,($3.00),$57.00 ,$6.84 ,da6mU5lrAAxwgqH3qRadenweV,"OFnApXKaMgULJZB4NtmYTyMF, HbEmTrhv4MiT5ZOVPYSBLQB",,"Jasmine White Rice Cilantro infused, mixed veggies. Feeds 40-45 people",Payment,Authentic by Zee,,"H77G18J0Z52X6SZG3YNDXTWVK8, H77G18J0Z52X6SZG3YNDXTWVK8",", ",ea,1
1/24/2020,18:07:19,Eastern Time (US & Canada),Beef,Oxtail,1,Regular,,,$14.00 ,$0.00 ,$14.00 ,$1.68 ,DJK1BQdmUEAPQqCBPdwKdo1eV,8iVP2jJ9rP7A2NcEA3J53yMF,,,Payment,Authentic by Zee,,SP0TN5QG0N0B4GFCRBGQAPCGPG,,ea,1
1/17/2020,14:06:58,Eastern Time (US & Canada),Beef,4 item Hot Bar,1,Regular,,,$190.00 ,$0.00 ,$190.00 ,$22.80 ,PB73Iq7hvXkzPa39cgiA6LneV,iAsHCkEmHlKIwQTc5x79ytMF,,"Any 2 meat items chicken or beef, and 2 side items.",Payment,Authentic by Zee,,3JE1AFZEBD2C2SJ4H7JWC99XBG,,ea,1
1/17/2020,14:06:58,Eastern Time (US & Canada),Drinks,Refreshment Package,1,Regular,,,$20.00 ,$0.00 ,$20.00 ,$2.40 ,PB73Iq7hvXkzPa39cgiA6LneV,iAsHCkEmHlKIwQTc5x79ytMF,,Drinks and snacks for any meeting. Serves 10-12 people.,Payment,Authentic by Zee,,3JE1AFZEBD2C2SJ4H7JWC99XBG,,ea,1
1/17/2020,12:23:07,Eastern Time (US & Canada),Chicken,Wing Meal,1,Regular,,,$9.50 ,$0.00 ,$9.50 ,$1.14 ,1S0yBhtS67sc1ydLv7MLvEweV,QKDi3q8Bb8Zy2e0WEykBFuMF,,6 Wings and 2 side items,Payment,Authentic by Zee,,8DGE5DKW4X6BRQX491QQATE8G8,,ea,1
1/17/2020,12:22:19,Eastern Time (US & Canada),Chicken,Wings,1,Regular,,,$5.75 ,$0.00 ,$5.75 ,$0.69 ,PZBMkulXNUZ0Llkli43xLrxeV,p2PULo5JTXDe27fZ5g0s5sMF,,,Payment,Authentic by Zee,,SP0TN5QG0N0B4GFCRBGQAPCGPG,,ea,1
1/17/2020,12:22:19,Eastern Time (US & Canada),Chicken,Wing Meal,1,Regular,,,$9.50 ,$0.00 ,$9.50 ,$1.14 ,PZBMkulXNUZ0Llkli43xLrxeV,p2PULo5JTXDe27fZ5g0s5sMF,,6 Wings and 2 side items,Payment,Authentic by Zee,,SP0TN5QG0N0B4GFCRBGQAPCGPG,,ea,1
1/13/2020,14:15:07,Eastern Time (US & Canada),None,Custom Amount,1,,,,$39.00 ,$0.00 ,$39.00 ,$1.95 ,F2iAW2Ho6xMWupKyuSOalFkeV,APz5zHXPn9j2R9886tOGkzMF,,,Payment,Authentic by Zee,,T2RV7W2VF54EMSH3YV16SPT4X4,,ea,1
1/12/2020,17:33:09,Eastern Time (US & Canada),None,Custom Amount,1,,,,$3.00 ,$0.00 ,$3.00 ,$0.15 ,xMYToNbtljDosq1bnWxOX8seV,RD1Foh9sxCZudXfvd5zR1tMF,,,Payment,Authentic by Zee,,EXP1JEWHQ52FWRJ242MF3MXVM8,,ea,1
12/19/2020,15:22:44,Eastern Time (US & Canada),None,Steak Stir-Fry,2,Regular,,,$24.00 ,$0.00 ,$24.00 ,$3.00 ,bDgyoayPEx8s4jPFZ34Xs4ieV,1oLikoXIhkpfBq20e8EeJNaIvaB,Ky,,Payment,Authentic by Zee,,B6XFZB6BK53V7F5B6A2SJ8DAWR,,ea,2
12/19/2020,15:22:44,Eastern Time (US & Canada),Beef,Oxtail,1,Regular,,,$15.00 ,$0.00 ,$15.00 ,$1.88 ,bDgyoayPEx8s4jPFZ34Xs4ieV,1oLikoXIhkpfBq20e8EeJNaIvaB,Ky,,Payment,Authentic by Zee,,B6XFZB6BK53V7F5B6A2SJ8DAWR,,ea,1
12/19/2020,15:22:44,Eastern Time (US & Canada),Chicken,Chicken stir fry,1,Regular,,,$10.00 ,$0.00 ,$10.00 ,$1.25 ,bDgyoayPEx8s4jPFZ34Xs4ieV,1oLikoXIhkpfBq20e8EeJNaIvaB,Ky,,Payment,Authentic by Zee,,B6XFZB6BK53V7F5B6A2SJ8DAWR,,ea,1
12/19/2020,15:06:20,Eastern Time (US & Canada),Beef,Oxtail,1,Regular,,,$15.00 ,$0.00 ,$15.00 ,$1.87 ,rXCGNR7mCPfLzjO1JbUlFK2eV,jbZSWHuL6Q8n0m467NCjRsF8taB,Ky,,Payment,Authentic by Zee,,VQB0SM40J54PFD4NBVBKW9QB04,,ea,1
12/19/2020,15:06:20,Eastern Time (US & Canada),None,BBQ Wings,1,Regular,,,$12.00 ,$0.00 ,$12.00 ,$1.50 ,rXCGNR7mCPfLzjO1JbUlFK2eV,jbZSWHuL6Q8n0m467NCjRsF8taB,Ky,,Payment,Authentic by Zee,,VQB0SM40J54PFD4NBVBKW9QB04,,ea,1
12/19/2020,15:06:20,Eastern Time (US & Canada),Vegetarian,Veggie Plate,1,Regular,,,$6.00 ,$0.00 ,$6.00 ,$0.75 ,rXCGNR7mCPfLzjO1JbUlFK2eV,jbZSWHuL6Q8n0m467NCjRsF8taB,Ky,,Payment,Authentic by Zee,,VQB0SM40J54PFD4NBVBKW9QB04,,ea,1
12/19/2020,15:06:20,Eastern Time (US & Canada),None,Custom Amount,1,,,,$2.00 ,$0.00 ,$2.00 ,$0.10 ,rXCGNR7mCPfLzjO1JbUlFK2eV,jbZSWHuL6Q8n0m467NCjRsF8taB,Ky,,Payment,Authentic by Zee,,VQB0SM40J54PFD4NBVBKW9QB04,,ea,1
12/19/2020,15:06:20,Eastern Time (US & Canada),Sides,Rice,1,Regular,,,$2.00 ,$0.00 ,$2.00 ,$0.25 ,rXCGNR7mCPfLzjO1JbUlFK2eV,jbZSWHuL6Q8n0m467NCjRsF8taB,Ky,Long grain White Jasmine Rice with Negro Black beans,Payment,Authentic by Zee,,VQB0SM40J54PFD4NBVBKW9QB04,,ea,1
12/19/2020,13:54:04,Eastern Time (US & Canada),Beef,Oxtail,1,Regular,,,$15.00 ,$0.00 ,$15.00 ,$1.88 ,1A6VtovKGA5vEgpGE3s57azeV,9ETa9utcJEGLFpJ11C9vYyC2uaB,Ky,,Payment,Authentic by Zee,,PTYYZ2X2353TB8DKVKJ8VXB5WM,,ea,1
12/19/2020,13:54:04,Eastern Time (US & Canada),Chicken,Curry Chicken,1,Regular,,,$10.00 ,$0.00 ,$10.00 ,$1.25 ,1A6VtovKGA5vEgpGE3s57azeV,9ETa9utcJEGLFpJ11C9vYyC2uaB,Ky,,Payment,Authentic by Zee,,PTYYZ2X2353TB8DKVKJ8VXB5WM,,ea,1
12/19/2020,13:53:08,Eastern Time (US & Canada),Beef,Oxtail,1,Regular,,,$15.00 ,$0.00 ,$15.00 ,$1.87 ,vDJZQgPuYcWUSfEiVrQWTNreV,r54n2Gr6NUif9n9hrxeLy2tmuaB,Ky,,Payment,Authentic by Zee,,,,ea,1
12/19/2020,13:19:58,Eastern Time (US & Canada),Pork,Jerk Pork Ribs,1,Regular,,,$12.00 ,$0.00 ,$12.00 ,$1.50 ,BQvBHWzARKbh4yGmC7OGDc1eV,J8cssXAZhf023hxIoVhx8rY7uaB,Ky,,Payment,Authentic by Zee,,ED9DN0D75H6TFEW802KKA52J7R,,ea,1
12/19/2020,13:19:58,Eastern Time (US & Canada),None,BBQ Wings,1,Regular,,,$12.00 ,$0.00 ,$12.00 ,$1.50 ,BQvBHWzARKbh4yGmC7OGDc1eV,J8cssXAZhf023hxIoVhx8rY7uaB,Ky,,Payment,Authentic by Zee,,ED9DN0D75H6TFEW802KKA52J7R,,ea,1
12/19/2020,13:18:35,Eastern Time (US & Canada),Beef,Oxtail,1,Regular,,,$15.00 ,$0.00 ,$15.00 ,$1.88 ,RkDUtMEt1JvwDJifcoWCLvgeV,JuN4I9ExMjSelxnGCkyNQEVHvaB,Ky,,Payment,Authentic by Zee,,AAR8NGCH157SZD95FMF540SJAG,,ea,1
12/19/2020,13:18:35,Eastern Time (US & Canada),Chicken,Curry Chicken,1,Regular,,,$10.00 ,$0.00 ,$10.00 ,$1.25 ,RkDUtMEt1JvwDJifcoWCLvgeV,JuN4I9ExMjSelxnGCkyNQEVHvaB,Ky,,Payment,Authentic by Zee,,AAR8NGCH157SZD95FMF540SJAG,,ea,1
12/19/2020,13:12:09,Eastern Time (US & Canada),Chicken,Leg Quarter,1,Regular,,,$10.00 ,$0.00 ,$10.00 ,$1.25 ,1y9qPllf9GFk219KtbPcI7veV,7nxcX0WQXQNYc4bowzAeXblDvaB,Ky,"BBQ, JERK, or Grilled",Payment,Authentic by Zee,,9ZF79YKMKD7C53ZXSVXNWAJRA4,,ea,1
12/19/2020,12:53:14,Eastern Time (US & Canada),None,BBQ Wings,1,Regular,,,$12.00 ,$0.00 ,$12.00 ,$1.50 ,3X3si9TTAseFOYSVaN61v9teV,nlBeD11CX7hAgOuOlkCW60rWvaB,Ky,,Payment,Authentic by Zee,,V5ACK9394D185945Y7KQXABE70,,ea,1
12/19/2020,12:53:14,Eastern Time (US & Canada),Beef,Oxtail,1,Regular,,,$15.00 ,$0.00 ,$15.00 ,$1.87 ,3X3si9TTAseFOYSVaN61v9teV,nlBeD11CX7hAgOuOlkCW60rWvaB,Ky,,Payment,Authentic by Zee,,V5ACK9394D185945Y7KQXABE70,,ea,1
12/19/2020,12:42:28,Eastern Time (US & Canada),None,BBQ Wings,1,Regular,,,$12.00 ,$0.00 ,$12.00 ,$1.50 ,hw5IWi819bQZDIp79f70AD2eV,FYrk0bNV16XC8jdfMwItoIS8taB,Ky,,Payment,Authentic by Zee,,0WW95GE41H5J8Y59JVHDC9FCR0,,ea,1
12/12/2020,16:27:40,Eastern Time (US & Canada),None,Custom Amount,1,,,,$13.00 ,$0.00 ,$13.00 ,$0.65 ,DthTJtDjTmFCkwmKs8s2rD1eV,fl5dB1SG07zqPw51t1Rh4GvMvaB,,,Payment,Authentic by Zee,,,,ea,1
12/12/2020,16:23:51,Eastern Time (US & Canada),None,Custom Amount,1,,,,$79.00 ,$0.00 ,$79.00 ,$3.95 ,jxRGvarxVoEyuNTWU8VqH80eV,dCI9xt5vodl3tt2Kq4OX3JRWuaB,,,Payment,Authentic by Zee,,ZB2BB4M4YD6DN869XWVYKNG05W,,ea,1
12/12/2020,15:19:23,Eastern Time (US & Canada),Beef,Oxtail,1,Regular,,,$14.00 ,$0.00 ,$14.00 ,$1.75 ,DNPKtvASkp26X1P2AXraCLzeV,JKjAM2a5q3Ey00h1YybQaKi9taB,Ky,,Payment,Authentic by Zee,,ZB2BB4M4YD6DN869XWVYKNG05W,,ea,1
12/12/2020,15:19:23,Eastern Time (US & Canada),None,JP Ribs,1,Regular,,,$12.00 ,$0.00 ,$12.00 ,$1.50 ,DNPKtvASkp26X1P2AXraCLzeV,JKjAM2a5q3Ey00h1YybQaKi9taB,Ky,,Payment,Authentic by Zee,,ZB2BB4M4YD6DN869XWVYKNG05W,,ea,1
12/12/2020,15:19:23,Eastern Time (US & Canada),None,Custom Amount,1,,,,$1.00 ,$0.00 ,$1.00 ,$0.05 ,DNPKtvASkp26X1P2AXraCLzeV,JKjAM2a5q3Ey00h1YybQaKi9taB,Ky,,Payment,Authentic by Zee,,ZB2BB4M4YD6DN869XWVYKNG05W,,ea,1
12/12/2020,14:23:17,Eastern Time (US & Canada),Beef,Oxtail,1,Regular,,,$14.00 ,$0.00 ,$14.00 ,$1.75 ,pwfMiqXRPPoaHCEWryqb71feV,5qhDp7GdhfaX52O3L7ivkJOLuaB,Ky,,Payment,Authentic by Zee,,7WRN8TADR14KN7QW2XYVNKREZW,,ea,1
12/12/2020,14:23:17,Eastern Time (US & Canada),None,Custom Amount,1,,,,$1.00 ,$0.00 ,$1.00 ,$0.05 ,pwfMiqXRPPoaHCEWryqb71feV,5qhDp7GdhfaX52O3L7ivkJOLuaB,Ky,,Payment,Authentic by Zee,,7WRN8TADR14KN7QW2XYVNKREZW,,ea,1
12/12/2020,12:57:05,Eastern Time (US & Canada),Beef,Oxtail,1,Regular,,,$14.00 ,$0.00 ,$14.00 ,$1.75 ,Fy9eeoehNR7eTW5qupgScJ9eV,VqWbS5dqBXiXVDH8bz0MmIxhvaB,Ky,,Payment,Authentic by Zee,,6EYZ59JYGN6V38DH84C19SJVGM,,ea,1
12/12/2020,12:57:05,Eastern Time (US & Canada),None,Curry Goat,1,Regular,,,$12.00 ,$0.00 ,$12.00 ,$1.50 ,Fy9eeoehNR7eTW5qupgScJ9eV,VqWbS5dqBXiXVDH8bz0MmIxhvaB,Ky,,Payment,Authentic by Zee,,6EYZ59JYGN6V38DH84C19SJVGM,,ea,1
12/12/2020,12:47:15,Eastern Time (US & Canada),None,JP Ribs,1,Regular,,,$12.00 ,$0.00 ,$12.00 ,$1.50 ,hwrBKWl7aKEr2QYbQjx7NWfeV,ZoCMrpIOI69kDSPaWcNHJKfWvaB,Ky,,Payment,Authentic by Zee,,N7Q6SRG8FN5EQ46Y8RAEPPZFR8,,ea,1
12/12/2020,12:47:15,Eastern Time (US & Canada),None,Custom Amount,1,,,,$1.00 ,$0.00 ,$1.00 ,$0.05 ,hwrBKWl7aKEr2QYbQjx7NWfeV,ZoCMrpIOI69kDSPaWcNHJKfWvaB,Ky,,Payment,Authentic by Zee,,N7Q6SRG8FN5EQ46Y8RAEPPZFR8,,ea,1
12/12/2020,12:10:18,Eastern Time (US & Canada),Beef,Oxtail,1,Regular,,,$14.00 ,$0.00 ,$14.00 ,$1.75 ,Pl4KZpmzSdLHapvZwHdSrM0eV,teiNrqKDpqKsVIFrTUCHkyVMvaB,,,Payment,Authentic by Zee,,2VXZZC33FX09SAJTMNC3Z8W1T8,,ea,1
12/12/2020,12:10:18,Eastern Time (US & Canada),None,Custom Amount,1,,,,$1.00 ,$0.00 ,$1.00 ,$0.05 ,Pl4KZpmzSdLHapvZwHdSrM0eV,teiNrqKDpqKsVIFrTUCHkyVMvaB,,,Payment,Authentic by Zee,,2VXZZC33FX09SAJTMNC3Z8W1T8,,ea,1
11/29/2020,16:35:49,Eastern Time (US & Canada),None,Custom Amount,1,,,,$21.00 ,$0.00 ,$21.00 ,$1.05 ,90kC9RqnMGc4jdfBMN8e6HteV,9IDlND4FfMZCT4IuWhPs73sluaB,Ky,,Payment,Authentic by Zee,,4392W6CSFS5WX6SWYMP13XHJFW,,ea,1
11/29/2020,16:17:44,Eastern Time (US & Canada),Beef,Oxtail,1,Regular,,,$14.00 ,$0.00 ,$14.00 ,$1.75 ,Zus9yhu76S89TBXHUqLcyq1eV,1iuxW4mBIuzWmIPWtWGYEPB9taB,,,Payment,Authentic by Zee,,Z3D5DT4DJS01S37PWJ696464TC,,ea,1
11/29/2020,16:17:44,Eastern Time (US & Canada),None,Custom Amount,1,,,,$1.00 ,$0.00 ,$1.00 ,$0.05 ,Zus9yhu76S89TBXHUqLcyq1eV,1iuxW4mBIuzWmIPWtWGYEPB9taB,,,Payment,Authentic by Zee,,Z3D5DT4DJS01S37PWJ696464TC,,ea,1
11/29/2020,16:17:44,Eastern Time (US & Canada),Beef,Oxtail,1,Regular,,,$14.00 ,$0.00 ,$14.00 ,$1.75 ,Zus9yhu76S89TBXHUqLcyq1eV,1iuxW4mBIuzWmIPWtWGYEPB9taB,,,Payment,Authentic by Zee,,Z3D5DT4DJS01S37PWJ696464TC,,ea,1
11/29/2020,16:12:48,Eastern Time (US & Canada),Beef,Oxtail,1,Regular,,,$14.00 ,$0.00 ,$14.00 ,$1.75 ,fH3D789Wj4pCrJuNHKBnuLxeV,1m2ilK72yq3WDNFdvCPrXt9QuaB,,,Payment,Authentic by Zee,,CAFJNE012S0X5CEZ1QBJEJ5NXR,,ea,1
11/29/2020,16:12:48,Eastern Time (US & Canada),None,Custom Amount,1,,,,$1.00 ,$0.00 ,$1.00 ,$0.05 ,fH3D789Wj4pCrJuNHKBnuLxeV,1m2ilK72yq3WDNFdvCPrXt9QuaB,,,Payment,Authentic by Zee,,CAFJNE012S0X5CEZ1QBJEJ5NXR,,ea,1
11/29/2020,15:23:09,Eastern Time (US & Canada),None,Patties (Beef),3,Regular,,,$9.00 ,$0.00 ,$9.00 ,$1.13 ,FO1xjpfLWdTeyMQh522zKyheV,hseYkAzbSAM4yqlHUfO0bkq8uaB,Ky,"Similar to an empanada, a baked hot pocket filled with ground beef.",Payment,Authentic by Zee,,XY16VYEMSH1JS5FCEK7ZWDX10W,,ea,3
11/21/2020,18:15:25,Eastern Time (US & Canada),None,Custom Amount,1,,,,$14.00 ,$0.00 ,$14.00 ,$0.70 ,RAJS4xMmQ5MfvjKgUlEDmOieV,j1QFTwn4zCbWcc1BYCGfrnC2uaB,,,Payment,Authentic by Zee,,9WKTTZA63N35Z07WM1DREEZC0W,,ea,1
11/21/2020,17:07:29,Eastern Time (US & Canada),None,Custom Amount,1,,,,$13.00 ,$0.00 ,$13.00 ,$0.65 ,xIlOgKe7OaSVNuQz55ADkCleV,5aPQabQnC20wRqhRkCDr2LKvvaB,Ky,,Payment,Authentic by Zee,,157AFCS45S0FX7JBKNSXQAFXZM,,ea,1
11/21/2020,16:22:34,Eastern Time (US & Canada),None,Custom Amount,1,,,,$11.00 ,$0.00 ,$11.00 ,$0.55 ,142veoIg5MkErIYhXL9iz60eV,X5PUUorxLgD7oLXUwyvqqUbYvaB,Ky,,Payment,Authentic by Zee,,ZBV8PKPGPX5W4Z69W1KX1HKT3W,,ea,1
11/21/2020,16:21:42,Eastern Time (US & Canada),None,Custom Amount,1,,,,$13.00 ,$0.00 ,$13.00 ,$0.65 ,d08yppOWSVzPIKGPNpq5DEpeV,VovuxHPoGwonrtU8N1hSLBjyuaB,Ky,,Payment,Authentic by Zee,,ZBV8PKPGPX5W4Z69W1KX1HKT3W,,ea,1
11/21/2020,16:07:17,Eastern Time (US & Canada),None,Custom Amount,1,,,,$8.00 ,$0.00 ,$8.00 ,$0.40 ,5OemMPVgt2RFQjjIIOSwLugeV,z9ikWu86QVJwuSEIGZNyvmueuaB,Ky,,Payment,Authentic by Zee,,230PDGNH8549N7TPSCR0XD3P24,,ea,1
11/21/2020,15:53:02,Eastern Time (US & Canada),None,Custom Amount,1,,,,$13.00 ,$0.00 ,$13.00 ,$0.65 ,FUuQtZxauwHZWJkmaN0sbAueV,jbjhBAlRl0vor39cTKrRTd97taB,Ky,,Payment,Authentic by Zee,,1TBFMM30AX2T92XS47ARGP5280,,ea,1
11/21/2020,15:10:43,Eastern Time (US & Canada),None,Custom Amount,1,,,,$52.08 ,$0.00 ,$52.08 ,$2.60 ,Dv6HTwFTgVZXenTyyNlbjVoeV,HLKlZOG0iIYVTp4iWliQZZRguaB,Ky,,Payment,Authentic by Zee,,3KEK9JQRP12AK8QZY777GX39MM,,ea,1
11/21/2020,14:54:26,Eastern Time (US & Canada),None,Custom Amount,1,,,,$16.00 ,$0.00 ,$16.00 ,$0.80 ,tyn8WxZ59L1tknKRjsTApzjeV,7nLTMAqxuo4Ahl1uf59EsFpvuaB,Ky,,Payment,Authentic by Zee,,EK67A9ZPFX399BM6C8MAG1KH9C,,ea,1
11/21/2020,14:43:15,Eastern Time (US & Canada),None,Custom Amount,1,,,,$41.00 ,$0.00 ,$41.00 ,$2.05 ,LRDIjbfnSpXNNY3sNDnyusreV,bpaKeMaEbR725Gr9fFcGJEW8uaB,Ky,,Payment,Authentic by Zee,,5V0P1BGR954PHASZ66WF1T97WR,,ea,1
11/21/2020,14:34:38,Eastern Time (US & Canada),None,Custom Amount,1,,,,$13.00 ,$0.00 ,$13.00 ,$0.65 ,pa8OZel0W2QVyHHfaHYhFwweV,5uj31KhXpw1UAw1JmNZzcMUIvaB,Ky,,Payment,Authentic by Zee,,,,ea,1
11/21/2020,14:30:48,Eastern Time (US & Canada),None,Custom Amount,1,,,,$16.00 ,$0.00 ,$16.00 ,$0.80 ,tkiXlwOx3TsJpYdOR5fMQN1eV,lgTGaB0x7c7pT7allAla5zyduaB,Ky,,Payment,Authentic by Zee,,,,ea,1
11/21/2020,14:22:25,Eastern Time (US & Canada),None,Custom Amount,1,,,,$31.00 ,$0.00 ,$31.00 ,$1.55 ,jlvgxRhE9Z5hv5m6heIFlgteV,BsimulDKIcwKKm1Bg8APo2ZTuaB,Ky,,Payment,Authentic by Zee,,NXPW382WZD6RHETPX369VD0CDR,,ea,1
11/8/2020,17:55:53,Eastern Time (US & Canada),None,Custom Amount,1,,,,$11.00 ,$0.00 ,$11.00 ,$0.55 ,3PBjI4xDF44OELKhatgKVN0eV,dwnNh04TidRBEsh8Idht3NjOvaB,,,Payment,Authentic by Zee,,DH7GM2BHM52N54RN7ET3V8HKZ0,,ea,1
11/8/2020,15:59:52,Eastern Time (US & Canada),None,Custom Amount,1,,,,$13.00 ,$0.00 ,$13.00 ,$0.65 ,R41Gypdl0JW9UNHcFSPYorxeV,Dh88dL6cu56MeTt7FklHbCq7taB,Ky,,Payment,Authentic by Zee,,NF01WRJBYS7V3CHNMHNAC7D6CW,,ea,1
11/8/2020,15:47:58,Eastern Time (US & Canada),None,Custom Amount,1,,,,$13.00 ,$0.00 ,$13.00 ,$0.65 ,xK6Y840Zwj7ErqX3SCHw6ileV,DVqqFC0tTDnGMcLj1kMZGaaVuaB,Ky,,Payment,Authentic by Zee,,,,ea,1
11/8/2020,15:14:35,Eastern Time (US & Canada),None,Custom Amount,1,,,,$26.00 ,$0.00 ,$26.00 ,$1.30 ,rd98K9Z94HUhdtYoFsUPJYkeV,7nBoBG9EKVPIgN6BzNxydmFxuaB,Ky,,Payment,Authentic by Zee,,6QSAB88NK56NSEJ3DG5QK7KN9G,,ea,1
11/8/2020,15:10:03,Eastern Time (US & Canada),None,Custom Amount,1,,,,$31.00 ,$0.00 ,$31.00 ,$1.55 ,JOCgpa5G9AZlRG4KP4Y0LE2eV,DBeHQaBJvIwkKyP62B7vSlVBwaB,Ky,,Payment,Authentic by Zee,,Z3D5DT4DJS01S37PWJ696464TC,,ea,1
11/8/2020,14:54:43,Eastern Time (US & Canada),None,Custom Amount,1,,,,$11.00 ,$0.00 ,$11.00 ,$0.55 ,v3TtiMehyXKOZ8mSKD7uApheV,54SgN3e9YHbSqy0fICxEeOUDuaB,Ky,,Payment,Authentic by Zee,,8EAS5JKKT948X2FZHV47S9SAAM,,ea,1
11/8/2020,14:51:29,Eastern Time (US & Canada),None,Custom Amount,1,,,,$11.00 ,$0.00 ,$11.00 ,$0.55 ,HReJVTP69ELfzDQG25JNYgyeV,hKRiir6cIu1Ts5WJdAiyDhGFvaB,Ky,,Payment,Authentic by Zee,,8EAS5JKKT948X2FZHV47S9SAAM,,ea,1
11/8/2020,14:48:11,Eastern Time (US & Canada),None,Custom Amount,1,,,,$64.00 ,$0.00 ,$64.00 ,$3.20 ,x8vkbaR4svdwEvIMpuPKip0eV,vjYzz7dp9oWDFGNTNuVH9r7cuaB,Ky,,Payment,Authentic by Zee,,7PJA1TD49S0KV920DA1V72BP1M,,ea,1
11/8/2020,14:14:28,Eastern Time (US & Canada),None,Custom Amount,1,,,,$26.00 ,$0.00 ,$26.00 ,$1.30 ,X3VDonhd3IgV1WMp1IG6GR1eV,rb3aKTCnFRgCDcMfEJlt8Kh4uaB,Ky,,Payment,Authentic by Zee,,9AHJWCMSC55RV7HGDQDJ0NM1NR,,ea,1
11/7/2020,18:10:38,Eastern Time (US & Canada),None,Custom Amount,1,,,,$13.00 ,$0.00 ,$13.00 ,$0.65 ,bvUNMbZKDMGHn3pKdMGwghieV,5UwCiR9Cwxt5CFKhksMtZR3ruaB,Ky,,Payment,Authentic by Zee,,G1369KVS2N7HV1RK37D61J5E98,,ea,1
11/7/2020,18:00:39,Eastern Time (US & Canada),None,Custom Amount,1,,,,$24.00 ,$0.00 ,$24.00 ,$1.20 ,BaoRotxNQozc2CRL1cbUxAgeV,j1k9Womhw0RJ2mn3gj2EKhWSvaB,Ky,,Payment,Authentic by Zee,,7HTR6AT8SN6D988ZA3G50JCTKR,,ea,1
11/7/2020,17:04:30,Eastern Time (US & Canada),None,Custom Amount,1,,,,$43.00 ,$0.00 ,$43.00 ,$2.15 ,VkuyTZIAqTLnUJlZuGyrGkfeV,RulNS6vkpvHFcqu7Vgc10l8LvaB,Ky,,Payment,Authentic by Zee,,2XJ8JRTNFX0QS8NN49AQXTKYC8,,ea,1
11/7/2020,16:10:01,Eastern Time (US & Canada),None,Custom Amount,1,,,,$23.00 ,$0.00 ,$23.00 ,$1.15 ,1OnsZLmPILRRUQEpgPM2wXseV,H9xoDaz6c9jZyskXgJg1wfjVuaB,Ky,,Payment,Authentic by Zee,,41RK10PBFD21D8RG0109VH4T8C,,ea,1
11/1/2020,16:45:32,Eastern Time (US & Canada),None,Custom Amount,1,,,,$36.00 ,$0.00 ,$36.00 ,$1.80 ,njV8H8anIRjtNd2UoGIPl4reV,t0tdBRCCIAef26F2ND6BZO8dvaB,Ky,,Payment,Authentic by Zee,,V3E23RZND17C98NX7R174XQ0G4,,ea,1
11/1/2020,16:26:42,Eastern Time (US & Canada),None,Custom Amount,1,,,,$16.00 ,$0.00 ,$16.00 ,$0.80 ,ZyM8upxtymlUgqdGvHJJj54eV,hwI8mTSNuxHYUhSAg1gOThhpuaB,Ky,,Payment,Authentic by Zee,,M9DMKXJ65D4QK5FXPM018R1WGR,,ea,1
11/1/2020,15:46:49,Eastern Time (US & Canada),None,Custom Amount,1,,,,$11.00 ,$0.00 ,$11.00 ,$0.55 ,PnXJ1nyd6YfwjQCZFODJlV4eV,xmneX6dVDlnIffuegKNtElncuaB,Ky,,Payment,Authentic by Zee,,3XQ596FVT57FQACC03XATRTWTR,,ea,1
11/1/2020,15:34:30,Eastern Time (US & Canada),None,Custom Amount,1,,,,$25.00 ,$0.00 ,$25.00 ,$1.25 ,nxKbnuYsjngof3b3Wo3VWp4eV,ThwKgEWN5QUhgXbECAi0yEE6taB,Ky,,Payment,Authentic by Zee,,VJVZKW23Z10G98T86WXF3WH468,,ea,1
11/1/2020,15:30:39,Eastern Time (US & Canada),None,Custom Amount,1,,,,$13.00 ,$0.00 ,$13.00 ,$0.65 ,br69eLapXYszJg78cIFuNcyeV,JiDgVB0jnQLxA5xJmy8Xg8nmvaB,Ky,,Payment,Authentic by Zee,,M9DMKXJ65D4QK5FXPM018R1WGR,,ea,1
11/1/2020,14:32:47,Eastern Time (US & Canada),None,Custom Amount,1,,,,$25.00 ,$0.00 ,$25.00 ,$1.25 ,TDyeKgpv02TZX0vu5YinzJ7eV,bpkpfmis4u7OJ3tkHNlxaPFpvaB,Ky,,Payment,Authentic by Zee,,H77G18J0Z52X6SZG3YNDXTWVK8,,ea,1
11/1/2020,14:24:34,Eastern Time (US & Canada),None,Custom Amount,1,,,,$31.00 ,$0.00 ,$31.00 ,$1.55 ,t6ZHIB1YGZSLQDwl06f7Vk2eV,jbtaD45GKNHbxlKURiyWCp7CuaB,Ky,,Payment,Authentic by Zee,,FY8586H9GN0BB1J72WXSJC8X48,,ea,1
11/1/2020,14:20:11,Eastern Time (US & Canada),None,Custom Amount,1,,,,$32.00 ,$0.00 ,$32.00 ,$1.60 ,jV7CBtGEH12xGP0fjarhTvleV,DLhI5WxqaSc2Uisf9cCmoilCwaB,Ky,,Payment,Authentic by Zee,,MH5HQMDQK13BH2P6TX9HXKBPDM,,ea,1
10/23/2020,13:54:17,Eastern Time (US & Canada),None,Custom Amount,1,,,,$16.00 ,$0.00 ,$16.00 ,$0.80 ,VufySKsgyH1xrOxf1MZcREseV,Nu0UQTkOMmC4cxgyc2M6Z6FCvaB,,,Payment,Authentic by Zee,,AJKDNE5HND4HB458MWVFPY09FR,,ea,1
10/23/2020,13:53:07,Eastern Time (US & Canada),None,Custom Amount,1,,,,$11.00 ,$0.00 ,$11.00 ,$0.55 ,bBzsmPpTm2p3oi8vaCcdQMieV,JUKVUflwuLBbZ6DzIyvI9lqyuaB,,,Payment,Authentic by Zee,,SWDY3NYJZ16N1AJC8SJ1Y7MSYG,,ea,1
10/16/2020,18:02:10,Eastern Time (US & Canada),None,Custom Amount,1,,,,$22.00 ,$0.00 ,$22.00 ,$1.10 ,zJJGNThkoAaUaKNlDl8zZ54eV,FMfztJWCopJ2JlSnGUeAmN7jvaB,,,Payment,Authentic by Zee,,84A1RPY3G90WBBMAFA6MQNBXGR,,ea,1
10/16/2020,17:29:22,Eastern Time (US & Canada),None,Custom Amount,1,,,,$21.00 ,$0.00 ,$21.00 ,$1.05 ,FaLRjbfRalFyJMP5w0whLl3eV,P30o1klWuSsNKgocPbxAPY00uaB,,,Payment,Authentic by Zee,,BPVD9E779N47N6V8199GRCN9ER,,ea,1
10/16/2020,17:04:37,Eastern Time (US & Canada),None,Custom Amount,1,,,,$47.00 ,$0.00 ,$47.00 ,$2.35 ,rBPeZAlxdHco0zgpSPY14BseV,lqAeklMOn8WUbw8vFdDBNjejuaB,,,Payment,Authentic by Zee,,,,ea,1
10/16/2020,17:03:17,Eastern Time (US & Canada),None,Custom Amount,1,,,,$23.00 ,$0.00 ,$23.00 ,$1.15 ,Naf47CeMjNGicGvZ3majsTveV,dYZeOicCv4glByASH4P352mevaB,,,Payment,Authentic by Zee,,2VX92CZQH53YF8S9CS5K9J9SJ0,,ea,1
10/16/2020,16:39:48,Eastern Time (US & Canada),None,Custom Amount,1,,,,$13.00 ,$0.00 ,$13.00 ,$0.65 ,dCtBcSnNYX85cAZNNCAeUzheV,b3tokfdRVxDPsV3d8KEqiBNQuaB,,,Payment,Authentic by Zee,,CSYG1GPS3S7GBEZR41CPYAM2Q0,,ea,1
10/16/2020,16:14:03,Eastern Time (US & Canada),None,Custom Amount,1,,,,$25.00 ,$0.00 ,$25.00 ,$1.25 ,pEjhIfBTAWWxHZ5v7d3z5C1eV,HfM7aYwRz6JVl0iDFaPaG4EduaB,,,Payment,Authentic by Zee,,EQCRB16DQH7H15FW5V2YKPFN5R,,ea,1
10/16/2020,15:47:58,Eastern Time (US & Canada),None,Custom Amount,1,,,,$13.00 ,$0.00 ,$13.00 ,$0.65 ,ta7AAfghwY8z4Vg4mlKaITseV,JqBhZI7lq7NkaHU3s4vt8fMMvaB,,,Payment,Authentic by Zee,,VFWA8D632D0ES3CFNQ7JCEKA8M,,ea,1
10/16/2020,15:23:35,Eastern Time (US & Canada),None,Custom Amount,1,,,,$24.00 ,$0.00 ,$24.00 ,$1.20 ,PBCaAIw3XJfRiDXf3WnajnmeV,ZeRQeCXdFCcAcrTHHKUC524PvaB,,,Payment,Authentic by Zee,,YHV9VYXVEX53V3MQP9ZZXPTGTC,,ea,1
10/16/2020,14:44:24,Eastern Time (US & Canada),None,Custom Amount,1,,,,$16.00 ,$0.00 ,$16.00 ,$0.80 ,7VVGdsfX9ys1tC3B7e3xq7keV,rhSIdCNULaGgHUraMRCZ7r8tvaB,,,Payment,Authentic by Zee,,1KXWQFCZEX41DEDY9JN5CPDAJM,,ea,1
10/16/2020,14:21:38,Eastern Time (US & Canada),None,Custom Amount,1,,,,$12.00 ,$0.00 ,$12.00 ,$0.60 ,P3RO7xRynhHLVMBP8eMfcQoeV,zbbRK0NwEQWPx7jVKSmRyBhrvaB,,,Payment,Authentic by Zee,,YCTC8KWJ8N2KFFX4SRMBJ2GSY0,,ea,1
10/16/2020,14:14:28,Eastern Time (US & Canada),None,Custom Amount,1,,,,$22.00 ,$0.00 ,$22.00 ,$1.10 ,PXtKsKkRZj61ftJwFRWHhCreV,ZcoKFWN6vKtX4zGN6nWNZHL5vaB,,,Payment,Authentic by Zee,,D7C7STSJJS615F1F4FJ3CEEH6R,,ea,1
10/16/2020,14:12:57,Eastern Time (US & Canada),None,Custom Amount,1,,,,$12.00 ,$0.00 ,$12.00 ,$0.60 ,fx8fpU6pfPRi7e0NCes1WAoeV,bDXm6VCdGORpxcBVCkWT7rLauaB,,,Payment,Authentic by Zee,,JX4ET00WKS3C3FJFD7MP2VQBN4,,ea,1
10/9/2020,18:54:45,Eastern Time (US & Canada),None,Custom Amount,1,,,,$16.00 ,$0.00 ,$16.00 ,$0.80 ,3tkTb85ZoybQI65kTZbPh8peV,vhLjsiViaRsKKiTrd7xeRmc1vaB,,,Payment,Authentic by Zee,,,,ea,1
10/9/2020,18:46:57,Eastern Time (US & Canada),None,Custom Amount,1,,,,$53.00 ,$0.00 ,$53.00 ,$2.65 ,J6iHG8TqcNKyBD548ZCvIHleV,H9PRuxVnTQQ8T5PI3N4vjSA8taB,,,Payment,Authentic by Zee,,7553G5E251451FKEXBP2QS92G4,,ea,1
10/9/2020,18:42:43,Eastern Time (US & Canada),None,Custom Amount,1,,,,$9.00 ,$0.00 ,$9.00 ,$0.45 ,HpOTBlK3F4f6CgZxRGmEDhqeV,3zGHVMdzhJ6oN9DWjsrceeEJvaB,,,Payment,Authentic by Zee,,J3FQZKHMB111H4P0V3S9M3DQ3G,,ea,1
10/9/2020,18:35:40,Eastern Time (US & Canada),None,Custom Amount,1,,,,$13.00 ,$0.00 ,$13.00 ,$0.65 ,FWPe09HiAgTzPSfqCqA8L4neV,5KBXPBTv84dT9LmuCiO25fpauaB,,,Payment,Authentic by Zee,,KFFV8FG3GN0M9FKDGEJKB0Z61M,,ea,1
10/9/2020,18:31:47,Eastern Time (US & Canada),None,Custom Amount,1,,,,$12.00 ,$0.00 ,$12.00 ,$0.60 ,7dRGPOUDda2lQ3d1mlKpS2keV,Bw0ySkWc9vqk3sKjeFJUDylIvaB,,,Payment,Authentic by Zee,,26HTEDPQH9499FPFS7P64M1GQW,,ea,1
10/9/2020,18:29:38,Eastern Time (US & Canada),None,Custom Amount,1,,,,$24.00 ,$0.00 ,$24.00 ,$1.20 ,L9HhKs6xVSwlgdoqyO1bPDgeV,hWZJ38WsnZWmaPueFH9GOPqOuaB,,,Payment,Authentic by Zee,,J3FQZKHMB111H4P0V3S9M3DQ3G,,ea,1
10/9/2020,17:59:00,Eastern Time (US & Canada),None,Custom Amount,1,,,,$32.00 ,$0.00 ,$32.00 ,$1.60 ,vLBpZReJGMdjN7RouieLzG4eV,HzuJb0ibEMzbiGkllxMpsm2juaB,,,Payment,Authentic by Zee,,KZJM44HMCN06H0CS5C8VEX51M8,,ea,1
9/27/2020,0:19:22,Eastern Time (US & Canada),None,Custom Amount,1,,,,$16.00 ,$0.00 ,$16.00 ,$0.80 ,JgPI6P4dQHLxZQCvcGRuRjseV,VSePlAd2kfa2PqQZfSpoynRBwaB,,,Payment,Authentic by Zee,,1DGHQ266KN5V9478155A1P3JYW,,ea,1
9/27/2020,0:11:30,Eastern Time (US & Canada),None,Custom Amount,1,,,,$11.00 ,$0.00 ,$11.00 ,$0.55 ,toay5wjEx3a5R2Io3CLhBL0eV,LndKeIWIVnXzCQ9P6NTZ5O3JuaB,,,Payment,Authentic by Zee,,Q3K5YPRDQD7PZ0KZQAR44WSMJG,,ea,1
9/27/2020,0:07:06,Eastern Time (US & Canada),None,Custom Amount,1,,,,$21.00 ,$0.00 ,$21.00 ,$1.05 ,T3ShUTGo4vPn8HPCHR1plxqeV,rVMOYI6uf73PNu3G14DW1vAgvaB,,,Payment,Authentic by Zee,,Q3K5YPRDQD7PZ0KZQAR44WSMJG,,ea,1
9/27/2020,0:03:39,Eastern Time (US & Canada),None,Custom Amount,1,,,,$16.00 ,$0.00 ,$16.00 ,$0.80 ,x4XNnbZmedvaCnBcpsx5AizeV,xKv5F7ygloJpJAIv7IL1UsxnvaB,,,Payment,Authentic by Zee,,76DW1GYJ0X0XXBEPPFTCYWB894,,ea,1
9/26/2020,20:07:42,Eastern Time (US & Canada),None,Custom Amount,1,,,,$11.00 ,$0.00 ,$11.00 ,$0.55 ,XBcYg2xpXT7SWukOsUQi6c8eV,Tn7gVqkhtQA1FQujnEo2rtCLvaB,,,Payment,Authentic by Zee,,7GEB7SR1014TX2AA2AFT78E89R,,ea,1
9/26/2020,20:01:18,Eastern Time (US & Canada),None,Custom Amount,1,,,,$11.00 ,$0.00 ,$11.00 ,$0.55 ,zbuIzLWnd9QpjixKkmqsxskeV,PHCv1BqEZUV2UvgJpAl8vfGovaB,,,Payment,Authentic by Zee,,0J51MXFH215CD5E2WGXD5K696M,,ea,1
9/26/2020,19:49:54,Eastern Time (US & Canada),None,Custom Amount,1,,,,$16.00 ,$0.00 ,$16.00 ,$0.80 ,LBnadFhXBVHah1WzlGd0eh4eV,r1AKPDvSSMJ5407DqXOPktzSvaB,Ky,,Payment,Authentic by Zee,,F0CHWJHY9X7ABD9FHSEKM2QAGC,,ea,1
9/18/2020,23:25:08,Eastern Time (US & Canada),Services,Chef ,4,Regular,,,$200.00 ,$0.00 ,$200.00 ,$10.00 ,B8JT5ZW8onKg0XyzgRQvEsmeV,"7LX6npPHEn2Xm3t6mJRMrVstuaB, Nc1LnW4Ub1IAKGsemUXWK0j6taB",,"This is strictly for the serving of the event, cook and prep time will be the billed at a later date.",Payment,Authentic by Zee,,", KYK5FM5ES924BC803Q6J8BWFBR",", ",hr,1
9/18/2020,23:25:08,Eastern Time (US & Canada),Services,Servers,4,Regular,,,$60.00 ,$0.00 ,$60.00 ,$7.50 ,B8JT5ZW8onKg0XyzgRQvEsmeV,"7LX6npPHEn2Xm3t6mJRMrVstuaB, Nc1LnW4Ub1IAKGsemUXWK0j6taB",,Event only Billed in current invoice. Additional service Will be billed separately If necessary. ,Payment,Authentic by Zee,,", KYK5FM5ES924BC803Q6J8BWFBR",", ",hr,1
9/18/2020,23:25:08,Eastern Time (US & Canada),Services,Servers,4,Regular,,,$60.00 ,$0.00 ,$60.00 ,$7.50 ,B8JT5ZW8onKg0XyzgRQvEsmeV,"7LX6npPHEn2Xm3t6mJRMrVstuaB, Nc1LnW4Ub1IAKGsemUXWK0j6taB",,Event only Billed in current invoice. Additional service Will be billed separately If necessary. ,Payment,Authentic by Zee,,", KYK5FM5ES924BC803Q6J8BWFBR",", ",hr,1
9/18/2020,23:25:08,Eastern Time (US & Canada),Services,Servers,4,Regular,,,$60.00 ,$0.00 ,$60.00 ,$7.50 ,B8JT5ZW8onKg0XyzgRQvEsmeV,"7LX6npPHEn2Xm3t6mJRMrVstuaB, Nc1LnW4Ub1IAKGsemUXWK0j6taB",,Event only Billed in current invoice. Additional service Will be billed separately If necessary. ,Payment,Authentic by Zee,,", KYK5FM5ES924BC803Q6J8BWFBR",", ",hr,1
9/18/2020,23:25:08,Eastern Time (US & Canada),Services,Servers,4,Regular,,,$60.00 ,$0.00 ,$60.00 ,$7.50 ,B8JT5ZW8onKg0XyzgRQvEsmeV,"7LX6npPHEn2Xm3t6mJRMrVstuaB, Nc1LnW4Ub1IAKGsemUXWK0j6taB",,Event only Billed in current invoice. Additional service Will be billed separately If necessary. ,Payment,Authentic by Zee,,", KYK5FM5ES924BC803Q6J8BWFBR",", ",hr,1
8/22/2020,23:44:09,Eastern Time (US & Canada),None,Custom Amount,1,,,,$10.00 ,$0.00 ,$10.00 ,$0.50 ,TZhyFt5MPARXTOvZc1NuK1seV,toRKrUES1uA7C8wwDEFfebv3vaB,,,Payment,Authentic by Zee,,PP7FDAY4Z511Q1192FHHS75SRG,,ea,1
8/22/2020,23:26:15,Eastern Time (US & Canada),None,Custom Amount,1,,,,$10.00 ,$0.00 ,$10.00 ,$0.50 ,X79knp0LEXMYmSVqYHlRsjweV,rzRl2qbVYagLaHjgKXOI51KwvaB,,,Payment,Authentic by Zee,,7ERCZRNMD95HK0003B0NKYKJ2W,,ea,1
8/22/2020,23:05:57,Eastern Time (US & Canada),None,Custom Amount,1,,,,$8.50 ,$0.00 ,$8.50 ,$0.42 ,Fu3I2N2YosEGazCIUn5xY17eV,5YqQJwhqKagU2gSLfnTA3W4lvaB,,,Payment,Authentic by Zee,,N7C73P1WKS2756BGBE012V1HGC,,ea,1
8/22/2020,23:03:28,Eastern Time (US & Canada),None,Custom Amount,1,,,,$16.00 ,$0.00 ,$16.00 ,$0.80 ,n1Cg2bIm1LkSQX0D3g3yKdxeV,jjDl4SN6xaG8aeCoAyXcAQT5uaB,,,Payment,Authentic by Zee,,,,ea,1
8/22/2020,22:23:42,Eastern Time (US & Canada),None,Custom Amount,1,,,,$33.00 ,$0.00 ,$33.00 ,$1.65 ,xQduB5w0Vwa43jiUaN9qnXyeV,hCtSYAXIXgVWPnlyLGaejg6BuaB,,,Payment,Authentic by Zee,,,,ea,1
8/22/2020,21:49:37,Eastern Time (US & Canada),None,Custom Amount,1,,,,$11.00 ,$0.00 ,$11.00 ,$0.55 ,HTNwLoqVm68xGTcIz39tfKgeV,ZKhxk0rWfLi95QzwmbXB43sFvaB,,,Payment,Authentic by Zee,,0P2FRV3FN14B15YSP7QQ1KS2ZW,,ea,1
8/22/2020,20:39:26,Eastern Time (US & Canada),None,Custom Amount,1,,,,$10.00 ,$0.00 ,$10.00 ,$0.50 ,7D8cihEmpDoBW6nTqhfveYieV,D3vkV8lCkwAaZnszcNCR7j3puaB,,,Payment,Authentic by Zee,,,,ea,1
8/22/2020,20:39:26,Eastern Time (US & Canada),None,Custom Amount,1,,,,$1.00 ,$0.00 ,$1.00 ,$0.05 ,7D8cihEmpDoBW6nTqhfveYieV,D3vkV8lCkwAaZnszcNCR7j3puaB,,,Payment,Authentic by Zee,,,,ea,1
7/30/2020,15:27:53,Eastern Time (US & Canada),Sides,Baked Mac,1,1/2 Pan,,,$35.00 ,$0.00 ,$35.00 ,$4.37 ,jZxsrgNbFXYF9W9LNK9IM44eV,xiMzsSMNxdl6M3GN2HvRKQB,,"Creamy Mac & Cheese mixed with ground beef, sauteed with onions and green and red bell peppers, seasoned to perfection an baked golden brown.",Payment,Authentic by Zee,,19VMT9MCMH4ZB5AF9304JQ3Q68,,ea,1
7/30/2020,15:27:53,Eastern Time (US & Canada),Sides,Rice,1,1/2 Pan,60,,$35.00 ,$0.00 ,$35.00 ,$4.38 ,jZxsrgNbFXYF9W9LNK9IM44eV,xiMzsSMNxdl6M3GN2HvRKQB,,,Payment,Authentic by Zee,,19VMT9MCMH4ZB5AF9304JQ3Q68,,ea,1
7/30/2020,15:27:53,Eastern Time (US & Canada),None,Oxtail,1,,,,$90.00 ,$0.00 ,$90.00 ,$4.50 ,jZxsrgNbFXYF9W9LNK9IM44eV,xiMzsSMNxdl6M3GN2HvRKQB,,1/2 Pan,Payment,Authentic by Zee,,19VMT9MCMH4ZB5AF9304JQ3Q68,,ea,1
7/23/2020,14:01:05,Eastern Time (US & Canada),Chicken,4 Item Warm Bar,1,15-20,,,$220.00 ,($11.00),$209.00 ,$26.13 ,1kW6jXBGu9AoVB5LReWBLgyeV,P7dnLOOezwY9xfh92sbZKQB,,"This Combination would include 2 chicken meats of any flavor, and 2 side items.",Payment,Authentic by Zee,,ET9DAK5RE108XE8JBZ3KVQEVD0,,ea,1
7/23/2020,5:51:30,Eastern Time (US & Canada),None,1/2 Dozen of Chocolate Covered Strawberries,1,,,,$0.00 ,$0.00 ,$0.00 ,$0.00 ,tmZAKHQPplZ9ATCv8GwIsEqeV,"paFPNXejiA8k8gdqHglQ7kNCuaB, L5cDJYdQyhauL8rMLXpFgGojuaB",,,Payment,Authentic by Zee,,"4VP7M819ZD6P9BE76JEY2J5KH0, ",", ",ea,1
7/23/2020,5:51:30,Eastern Time (US & Canada),None,6 item Hot bar,1,Wings and Leg Quarters  Feeds 20-25,,,$325.00 ,$0.00 ,$325.00 ,$40.63 ,tmZAKHQPplZ9ATCv8GwIsEqeV,"paFPNXejiA8k8gdqHglQ7kNCuaB, L5cDJYdQyhauL8rMLXpFgGojuaB",,"Curry Chicken
Grilled Chicken (Tai Chili)
Oxtails
Corn on the Cob
Rice and Peas
Mac and Cheese
",Payment,Authentic by Zee,,"4VP7M819ZD6P9BE76JEY2J5KH0, ",", ",ea,1
7/23/2020,5:51:30,Eastern Time (US & Canada),None,oxtail,1,,,,$50.00 ,$0.00 ,$50.00 ,$2.50 ,tmZAKHQPplZ9ATCv8GwIsEqeV,"paFPNXejiA8k8gdqHglQ7kNCuaB, L5cDJYdQyhauL8rMLXpFgGojuaB",,,Payment,Authentic by Zee,,"4VP7M819ZD6P9BE76JEY2J5KH0, ",", ",ea,1
6/5/2020,16:32:01,Eastern Time (US & Canada),Chicken,4 Item Warm Bar,1,14-Oct,,,$150.00 ,$0.00 ,$150.00 ,$0.00 ,TvCb0Zh48VgRrlxiW7K3vvueV,9yArKV2t9rNZ4aNpX6MU4f5LuaB,,"Curry Chicken
Grilled chicken
Steamed Cabbage 
Candied Yams ",Payment,Authentic by Zee,,ET9DAK5RE108XE8JBZ3KVQEVD0,,ea,1
5/9/2020,18:40:05,Eastern Time (US & Canada),None,Custom Amount,1,,,,$70.00 ,$0.00 ,$70.00 ,$3.50 ,fF00OVvrhjioVibxOz8qSZmeV,dyE92CsZdkbs9xS2VsCFvbADwaB,,,Payment,Authentic by Zee,,0VPFV6N1FD3RZ72FQDV695Z0B8,,ea,1
4/21/2020,18:43:34,Eastern Time (US & Canada),None,Custom Amount,1,,,,$12.00 ,$0.00 ,$12.00 ,$0.60 ,R81rNfwOap1FUNYeMFeN929eV,FCGXKgGqEwNVN6ps1ZsZxpRIuaB,,,Payment,Authentic by Zee,,V0T5ZCJMVX7X77ASJHKKH4QCJG,,ea,1
4/21/2020,18:43:34,Eastern Time (US & Canada),None,Custom Amount,1,,,,$12.00 ,$0.00 ,$12.00 ,$0.60 ,R81rNfwOap1FUNYeMFeN929eV,FCGXKgGqEwNVN6ps1ZsZxpRIuaB,,,Payment,Authentic by Zee,,V0T5ZCJMVX7X77ASJHKKH4QCJG,,ea,1
4/21/2020,18:43:34,Eastern Time (US & Canada),None,Custom Amount,1,,,,$12.00 ,$0.00 ,$12.00 ,$0.60 ,R81rNfwOap1FUNYeMFeN929eV,FCGXKgGqEwNVN6ps1ZsZxpRIuaB,,,Payment,Authentic by Zee,,V0T5ZCJMVX7X77ASJHKKH4QCJG,,ea,1
4/21/2020,18:43:34,Eastern Time (US & Canada),None,Custom Amount,1,,,,$10.00 ,$0.00 ,$10.00 ,$0.50 ,R81rNfwOap1FUNYeMFeN929eV,FCGXKgGqEwNVN6ps1ZsZxpRIuaB,,,Payment,Authentic by Zee,,V0T5ZCJMVX7X77ASJHKKH4QCJG,,ea,1
4/16/2020,18:46:50,Eastern Time (US & Canada),None,Custom Amount,1,,,,$12.00 ,$0.00 ,$12.00 ,$0.60 ,jnCdLxl5Vd8P3IkK7zF2IHleV,9IbHkbBVng5GObHFdotO4kXkuaB,,,Payment,Authentic by Zee,,V0T5ZCJMVX7X77ASJHKKH4QCJG,,ea,1
4/16/2020,18:46:50,Eastern Time (US & Canada),None,Custom Amount,1,,,,$0.12 ,$0.00 ,$0.12 ,$0.01 ,jnCdLxl5Vd8P3IkK7zF2IHleV,9IbHkbBVng5GObHFdotO4kXkuaB,,,Payment,Authentic by Zee,,V0T5ZCJMVX7X77ASJHKKH4QCJG,,ea,1
4/16/2020,18:46:50,Eastern Time (US & Canada),None,Custom Amount,1,,,,$12.00 ,$0.00 ,$12.00 ,$0.60 ,jnCdLxl5Vd8P3IkK7zF2IHleV,9IbHkbBVng5GObHFdotO4kXkuaB,,,Payment,Authentic by Zee,,V0T5ZCJMVX7X77ASJHKKH4QCJG,,ea,1
4/16/2020,18:46:50,Eastern Time (US & Canada),None,Custom Amount,1,,,,$12.00 ,$0.00 ,$12.00 ,$0.60 ,jnCdLxl5Vd8P3IkK7zF2IHleV,9IbHkbBVng5GObHFdotO4kXkuaB,,,Payment,Authentic by Zee,,V0T5ZCJMVX7X77ASJHKKH4QCJG,,ea,1
3/1/2020,15:22:10,Eastern Time (US & Canada),None,Supply,1,,,,$185.00 ,($9.25),$175.75 ,$8.79 ,HXjg0DG9OLmA59DET241JbmeV,"rTSzrVYFEbfSCXVX8CDjKQB, njf55xjd1AQbKyB1sEN6KQB",,"Supply costs billed to customer, per customer requests.",Payment,Authentic by Zee,,"TZ76GAK2XD7C57G7CMTMXB078G, TZ76GAK2XD7C57G7CMTMXB078G",", ",ea,1
3/1/2020,15:22:10,Eastern Time (US & Canada),Chicken,4 Item Warm Bar,1,15-20,,,$220.00 ,($11.00),$209.00 ,$26.13 ,HXjg0DG9OLmA59DET241JbmeV,"rTSzrVYFEbfSCXVX8CDjKQB, njf55xjd1AQbKyB1sEN6KQB",,"This Combination would include 2 chicken meats of any flavor, and 2 side items.",Payment,Authentic by Zee,,"TZ76GAK2XD7C57G7CMTMXB078G, TZ76GAK2XD7C57G7CMTMXB078G",", ",ea,1
2/27/2020,10:31:05,Eastern Time (US & Canada),None,Supply,1,,,,$185.00 ,$0.00 ,$185.00 ,$9.25 ,RKyiFOHH1EL9bNdU7EP2bM3eV,"nFqWbYKt6N6Ot76SOqtCLQB, hGEU4OfhO4f4ytvKFjUELQB",,"Supply costs billed to customer, per customer requests.",Payment,Authentic by Zee,,"TZ76GAK2XD7C57G7CMTMXB078G, TZ76GAK2XD7C57G7CMTMXB078G",", ",ea,1
2/27/2020,10:31:05,Eastern Time (US & Canada),Chicken,4 Item Warm Bar,1,15-20,,,$220.00 ,$0.00 ,$220.00 ,$27.50 ,RKyiFOHH1EL9bNdU7EP2bM3eV,"nFqWbYKt6N6Ot76SOqtCLQB, hGEU4OfhO4f4ytvKFjUELQB",,"This Combination would include 2 chicken meats of any flavor, and 2 side items.",Payment,Authentic by Zee,,"TZ76GAK2XD7C57G7CMTMXB078G, TZ76GAK2XD7C57G7CMTMXB078G",", ",ea,1
2/26/2020,17:33:24,Eastern Time (US & Canada),None,Custom Amount,1,,,,$24.00 ,$0.00 ,$24.00 ,$1.20 ,9e1G26TCTSKAxgVl01ePjIAfV,1ofOXhn0UhaKzE4udZo083v5vaB,,,Payment,Authentic by Zee,,T2RV7W2VF54EMSH3YV16SPT4X4,,ea,1
1/27/2020,17:24:42,Eastern Time (US & Canada),None,Custom Amount,1,,,,$8.00 ,$0.00 ,$8.00 ,$0.40 ,71yTA8F6pp5laejKYPOEmjzeV,ROFvJjf86dJ4ljB0oTN7xKVwvaB,,,Payment,Authentic by Zee,,T2RV7W2VF54EMSH3YV16SPT4X4,,ea,1
1/18/2020,20:49:33,Eastern Time (US & Canada),None,Custom Amount,1,,,,$10.00 ,$0.00 ,$10.00 ,$0.50 ,hSTfV58K4vj0beVbYgdbsQneV,vJJyZMgKz6Oj9cbj6FZfvXfavaB,,,Payment,Authentic by Zee,,MSM9BC9BV51THC1GFWETYQ790C,,ea,1
1/18/2020,18:25:15,Eastern Time (US & Canada),None,Custom Amount,1,,,,$12.00 ,$0.00 ,$12.00 ,$0.60 ,ZE8yx63EygSLvZMVRTOabIreV,tAh0VHMB3UQ3gBVkpqgJ4qfCvaB,,,Payment,Authentic by Zee,,PRM3K7R095615917Q1YEACJV58,,ea,1
1/18/2020,17:39:18,Eastern Time (US & Canada),None,Custom Amount,1,,,,$21.00 ,$0.00 ,$21.00 ,$1.05 ,pcAUFNWJkzwJEbXQ21nHuu1eV,z3nan4lkzRobro3D7VFGz0Y6taB,,,Payment,Authentic by Zee,,A9WDJ4TQWH0Y3BY5P05QQSBC18,,ea,1
1/18/2020,17:31:05,Eastern Time (US & Canada),None,Custom Amount,1,,,,$12.00 ,$0.00 ,$12.00 ,$0.60 ,nxd1lDNaJhnb08sMdjqoPGmeV,fxzvhpBPxEM5PXn2QllYPBN9vaB,,,Payment,Authentic by Zee,,PRM3K7R095615917Q1YEACJV58,,ea,1
1/18/2020,16:53:47,Eastern Time (US & Canada),None,Custom Amount,1,,,,$20.00 ,$0.00 ,$20.00 ,$1.00 ,NaiceFP0lkgUofebWRGXzbjeV,bBiw6QkoUQAC4W2NzNhcCcaCuaB,,,Payment,Authentic by Zee,,46S6T7DQN14VF5YB9PHVATZVX8,,ea,1
1/18/2020,16:53:47,Eastern Time (US & Canada),None,Custom Amount,1,,,,$2.00 ,$0.00 ,$2.00 ,$0.10 ,NaiceFP0lkgUofebWRGXzbjeV,bBiw6QkoUQAC4W2NzNhcCcaCuaB,,,Payment,Authentic by Zee,,46S6T7DQN14VF5YB9PHVATZVX8,,ea,1
1/18/2020,16:31:30,Eastern Time (US & Canada),None,Custom Amount,1,,,,$12.00 ,$0.00 ,$12.00 ,$0.60 ,hkWmUk5oD3RSoMWlwHB2aK1eV,brXouuXvAHCe0JZoQzJSr754vaB,,,Payment,Authentic by Zee,,C8QDZB6PHS08KENWEDWEAWXPCC,,ea,1
1/17/2020,11:03:01,Eastern Time (US & Canada),None,Custom Amount,1,,,,$1.00 ,$0.00 ,$1.00 ,$0.05 ,7Tjgs54yCshgivZAj5cSvPxeV,fxNkfcUnA3uJfvokrpjDKQB,,,Payment,Authentic by Zee,,RXE6RJDF1H5W16B5AQHPRCYC2W,,ea,1
